3062 5230
791 515 950 579 ..u-.-

385 640 488 706 cisti»
503 642 551 726 (1)
575 661 661 726 quae,
678 645 794 711 neseio
809 663 884 727 cur,
900 647 1043 710 fuerunt
1058 647 1117 728 qui
1128 648 1351 714 mirarentur.

384 747 425 812 tt
441 766 522 813 ecce
535 768 615 814 vere
640 752 815 816 rhetorem
833 750 893 833 qui
908 751 1015 815 terme
1030 752 1076 816 ita
1091 753 1197 816 tradit
1214 777 1221 811 ε
1248 754 1308 836 (2).
1339 819 1342 824 ,

424 852 688 938 Cladeaccepta,
698 857 966 941 Vircingetorix,
977 875 1087 937 quum
1102 858 1235 942 integro
1245 862 1350 924 etiam

382 979 478 1026 nune
501 980 647 1044 corpore
672 965 823 1049 effugere
846 970 979 1045 posset,
998 982 1160 1045 sperans,
1184 966 1264 1046 quia
1289 967 1351 1030 aii-

383 1069 522 1148 quando
530 1071 826 1136 Caesarisamicitia
839 1089 923 1136 usus
935 1077 1043 1148 esset,
1056 1089 1199 1152 possess
1211 1074 1349 1137 veniam

382 1178 425 1240 ab
440 1194 483 1240 eo
504 1178 709 1260 impetrare,
735 1179 874 1244 adeum
891 1197 961 1243 non
979 1179 1163 1260 implorata
1180 1189 1259 1245 ante
1285 1199 1350 1263 per

380 1284 492 1348 ulium
507 1286 763 1351 internuntium
790 1303 874 1367 pace
889 1330 898 1364 ,
913 1303 948 1349 se
962 1285 1127 1365 eontulit,
1144 1286 1347 1367 sedentique

380 1405 444 1468 pro
456 1389 620 1453 tribunali
630 1397 773 1472 repente
781 1384 817 1454 iii
832 1397 1058 1470 conspectum
1073 1389 1188 1467 venit,
1206 1409 1282 1470 quae
1294 1409 1348 1456 res

381 1494 515 1558 animos
547 1513 687 1576 quoque
714 1498 963 1562 nonnullorum
990 1494 1130 1559 terruit·
1151 1497 1238 1560 Erat·
1253 1497 1346 1560 enim

379 1597 638 1682 Vercingetorix
655 1609 793 1666 staturae
806 1618 975 1683 procerae,
990 1618 1221 1682 magnamque
1233 1618 1347 1670 armo·

379 1722 460 1768 rum
476 1705 620 1788 gloriam
637 1707 793 1772 habebat.
807 1709 907 1773 Facto
924 1707 1077 1787 silentio,
1093 1705 1178 1770 nihil
1188 1707 1343 1786 locutus,

379 1809 549 1893 ingenua
571 1811 739 1895 concidit,
764 1830 959 1896 manusque
987 1813 1159 1893 tendens,
1182 1813 1344 1895 supplicis

378 1923 512 1988 gestum
524 1918 687 1981 exhibuit.
698 1919 938 1999 Erantquibus
952 1935 992 1982 ea
1002 1934 1056 1980 res
1071 1915 1344 1980 misericordiam

376 2036 544 2108 moveret,
555 2027 737 2109 pristinam
751 2028 901 2094 hominis
911 2028 1086 2092 fortunam
1102 2025 1343 2108 cogitantibus,

377 2141 650 2214 praesentemque
665 2135 907 2200 'calamitatem
937 2139 1017 2195 ante
1048 2131 1166 2198 oculos
1198 2148 1343 2194 cernen-

376 2238 520 2304 tibus...·.
545 2249 621 2305 tum
644 2243 752 2308 Caesar
782 2241 975 2314 orationem
1003 2241 1107 2304 habet
1133 2255 1200 2318 qua
1216 2236 1344 2316 *ingra-

377 2348 453 2407 tum
470 2352 506 2408 et
518 2347 701 2410 scelestum
712 2347 1029 2429 Vercingetorigem
1042 2342 1224 2409 convincat
1238 2343 1297 2424 (3).

415 2450 486 2519 Tali
499 2453 604 2518 modo
619 2452 749 2518 scilicet
763 2460 920 2517 veterum
935 2470 955 2516 a
972 2448 1190 2533 quibusdam.
1203 2446 1345 2512 historia

376 2557 571 2638 conscripta
591 2559 663 2623 est!
683 2559 784 2640 Quod
796 2558 863 2624 nisi
880 2560 1091 2625 luculentam
1109 2563 1144 2619 et
1161 2573 1199 2618 re
1214 2573 1254 2618 ex
1269 2551 1355 2636 ipsa.

376 2662 474 2738 quasi
498 2680 692 2742 expressam
710 2665 943 2728 narrationem
968 2661 1101 2728 Caesaris
1115 2661 1345 2742 haberemus,

376 2765 464 2828 torte
474 2767 700 2831 Plutarchone
710 2812 718 2847 ,
730 2769 900 2848 anFloro,
916 2766 1065 2831 anDioni
1079 2767 1163 2830 fides
1183 2766 1339 2830 habenda

375 2868 419 2932 sit
435 2869 679 2952 disputareturss
715 2899 716 2906 κ

373 3243 378 3248 -
419 3195 465 3278 (1)
481 3199 1047 3280 Florus,111„10„qni,etiamsquod
1065 3198 1104 3258 ad
1125 3157 1344 3260 alestamtaoss

376 3312 445 3361 tum
457 3312 523 3375 est,
540 3305 579 3363 ad
591 3307 776 3382 Gergoviam
785 3305 906 3364 factum
922 3313 1038 3362 narrat.
1051 3357 1053 3364 .
1329 3315 1332 3322 ’

417 3409 464 3489 (2)
479 3439 500 3462 ,ιι
612 3405 724 3478 diedone
735 3415 809 3472 ,δ’ὅτι
825 3421 848 3473 ἐν
859 3433 861 3439 ·
872 3419 937 3492 φιλίᾳ
953 3419 1013 3472 ποτὲ
1033 3425 1068 3491 τῷ
1085 3417 1194 3488 Καίσαρι
1210 3411 1343 3485 ἐγεγόνει,

374 3526 521 3597 συγγνώμης
537 3522 595 3598 παρ’
612 3526 689 3578 αὐτοῦ
708 3519 925 3596 τέύξεᾳθαι)’ἧλθη
940 3527 1000 3600 πρὸς
1014 3520 1135 3597 adriani
1145 3517 1343 3594 ’ἐπικηρυκευὸά-

374 3625 442 3702 μἰνος
446 3667 506 3682 .....
511 3625 629 3701 ’ἡσύχίαζ
646 3625 711 3685 δὀὖν
725 3626 860 3705 ymonis-a(
873 3626 925 3684 εἶπε
939 3632 980 3705 μὲν
995 3626 1170 3700 iste-amma
1188 3619 1216 3681 ,δὲ
1228 3621 1355 3694 scodra).

361 3738 410 3787 ’τώ
421 3755 449 3788 τε
463 3741 531 3810 χεῖρε
549 3739 652 3797 ποιήσας
669 3733 797 3791 ἐδέετο....
814 3752 826 3782 ¹

417 3831 462 3911 (3)
481 3834 548 3892 Dio.
567 3835 635 3892 Cas.
654 3834 731 3892 Hist.
747 3834 830 3894 Rorn.
848 3835 892 3892 XI
903 3843 917 3906 ῥ’
936 3836 985 3893 tt:
998 3827 1339 3908 .-.-·.Quas'nugas1mi-

371 3954 451 4022 rum'
461 3950 527 4006 est·
537 3955 718 4026 'asservasse
733 3943 833 4020 operis
844 3950 1017 4002 auctorem·
1032 3934 1334 4021 quodins'cribiturss:

372 4045 973 4124 HistoiredesGautots‚1T.111,p..t98.
1025 4052 1029 4062 ’
1072 4099 1074 4104 ,
1174 4095 1177 4102 ,
