3062 5230
608 525 768 587 -63,.’

201 652 303 730 hune
324 653 368 715 ad
388 659 537 732 quaestus
560 656 714 734 pecuniae
740 666 1021 739 mercaturasque
1044 664 1170 728 babere

200 758 270 834 rim
293 757 480 822 maximam
497 757 720 827 arbitramur.
740 761 821 827 Post
834 764 946 846 huno,
963 753 1168 848 Apollinem

166 939 168 942 Ι
200 870 236 926 et
251 866 388 930 Martem
398 909 407 946 ,
418 873 453 929 et
469 865 600 946 lovem,
624 873 660 936 et
681 867 868 934 Minervam.
884 870 930 934 lle
943 870 994 936 his
1008 851 1167 936 eamdem

200 969 271 1033 lero
288 988 395 1051 quam
410 971 547 1056 reliquae
562 979 680 1054 gentes
692 972 822 1038 babent
836 974 1053 1056 opinionem:
1070 979 1171 1061 Apol·

200 1076 306 1140 linem
322 1079 462 1146 morbos
485 1078 676 1158 depellere;
701 1077 885 1143 Minervam
900 1095 1047 1160 operum
1064 1090 1169 1163 atque

199 1182 423 1259 artificiorum
435 1183 531 1248 initia
544 1183 738 1262 transdere,;
755 1184 875 1250 lovem
891 1184 1079 1268 imperium
1093 1207 1163 1252 coe·

200 1285 338 1350 lestium
356 1294 487 1368 tenere,
503 1287 648 1350 martem
667 1285 755 1349 bella
768 1285 917 1369 regere(
938 1287 961 1369 ).
983 1312 997 1344 ι

238 1393 278 1457 ln
291 1411 361 1475 quo
376 1393 484 1460 Caesar
499 1391 693 1458 Graecorum
708 1401 743 1456 et
766 1393 998 1457 Romanorum
1023 1413 1167 1460 consue*

201 1499 312 1567 tudini
328 1499 484 1583 paruisse
496 1498 581 1562 mihi
597 1498 747 1578 videtum
768 1497 845 1579 qui,
868 1514 941 1579 quae
961 1499 1003 1562 de
1014 1499 1162 1564 aliarum

197 1604 526 1699 gentiummoribuq
535 1602 712 1673 institutis,
722 1603 886 1686 religione
900 1607 1168 1687 praesertimtra·

197 1713 371 1802 diderunt,
390 1731 429 1777 ea
448 1713 517 1777 suis
531 1731 571 1776 ex
589 1711 764 1790 institutis,
780 1712 945 1796 religione
960 1723 996 1780 et
1008 1715 1164 1779 moribus

198 1817 402 1913 plerumque
417 1817 600 1881 finxerunt.
621 1819 746 1898 Porro,¹
759 1835 814 1880 res
825 1836 934 1910 quum
948 1821 1018 1883 lere
1032 1821 1161 1884 eaedem

198 1923 266 1988 sint
280 1926 407 2006 quibus
418 1926 576 1994 homines
589 1925 729 1988 student
742 1932 846 2007 atque
858 1944 1001 2008 operam
1016 1937 1163 2011 navant,

196 2013 325 2095 bellum
345 2030 495 2112 scilicet,
524 2039 721 2096 mercatura
732 2076 743 2110 ,
779 2019 868 2096 artes
890 2033 1165 2114 morborumque

143 2197 144 2202 ,
195 2138 341 2220 curati03
359 2139 491 2203 nemini
506 2141 652 2205 dubium
667 2145 718 2203 est
731 2139 824 2220 qula,
842 2157 964 2204 omnes
977 2143 1069 2222 apud
1082 2160 1164 2224 gen-

194 2249 256 2325 tes,
274 2243 390 2324 plures
403 2261 475 2308 esse
491 2247 574 2309 deos
588 2245 617 2308 si
645 2245 749 2310 modo
778 2244 1008 2323 crediderint,
1039 2246 1164 2312 similia

194 2348 241 2412 dii
256 2367 377 2414 omnes
391 2358 423 2414 et
442 2351 565 2421 eodem
579 2352 683 2416 modo
703 2352 794 2418 inter
814 2370 850 2426 se
869 2351 995 2433 partita
1019 2372 1164 2427 munera

194 2456 363 2539 habeant,
379 2457 434 2521 hio
452 2475 534 2540 ergo
554 2458 682 2521 bellum
704 2464 819 2540 regat,
837 2456 894 2520 ille
909 2465 1162 2538 mercaturam,

193 2570 282 2636 artes
298 2563 402 2646 alius,
428 2562 585 2644 aliusque
611 2545 815 2639 morborum
842 2562 1070 2636 curationem.
1098 2563 1163 2628 Sed

193 2667 261 2742 buc
273 2688 385 2750 usque
397 2667 606 2758 similitudo3
624 2655 750 2749 neque
763 2675 857 2731 certe
876 2665 981 2730 iidem
1005 2675 1087 2732 sunt
1102 2669 1162 2750 qui

194 2773 295 2839 Gallis
312 2775 419 2857 etqui
432 2775 592 2840 Romanis
610 2761 749 2850 mo'rbos
770 2771 956 2854 depellunt
987 2773 1072 2850 Nam
1094 2758 1164 2838 suis

191 2899 256 2964 pro
269 2882 436 2962 moribus,
448 2883 584 2966 ingenio
597 2863 634 2945 et
643 2881 779 2959 natura,
795 2899 858 2962 pro
870 2880 1038 2960 temporis
1047 2889 1081 2945 et
1095 2882 1162 2946 loci

192 2987 348 3068 ratione,
373 3007 434 3052 sua
459 2988 561 3053 etiam
579 2986 803 3067 proutilitate
817 3005 899 3068 gens
922 2988 1035 3050 omnis
1062 3008 1160 3052 suam

191 3091 255 3155 sibi
274 3092 477 3176 religionem
497 3094 612 3176 fingit:
634 3100 738 3172 atque
754 3090 836 3184 inde
853 3091 927 3155 fieri
944 3109 1014 3155 non
1030 3100 1144 3172 potest
1150 3139 1161 3172 ,

192 3205 232 3261 ut
263 3197 305 3262 de
335 3198 482 3273 deorum
509 3199 631 3280 quovis
648 3200 720 3262 duae
744 3199 833 3262 inter
855 3217 890 3262 se
905 3207 1023 3283 gentes
1035 3218 1162 3265 eonve-

190 3307 298 3378 uiant.
317 3297 420 3390 Quod
442 3309 470 3374 si
487 3309 634 3390 majores
645 3307 753 3386 nostri
770 3308 840 3372 suis
853 3309 896 3371 de
909 3307 973 3372 diis
986 3308 1068 3389 quid
1084 3327 1161 3375 sen-.

190 3412 295 3477 tirent
315 3413 377 3494 ipsi
390 3415 622 3494 tradidissent,
648 3431 728 3478 suos
754 3413 844 3477 inter
865 3421 900 3476 et
923 3415 1156 3480 Romanorum

188 3517 272 3582 deos
284 3527 454 3598 quantum
473 3519 608 3586 intersit
630 3539 702 3585 non
717 3521 821 3584 modo
836 3518 969 3583 ratione
983 3519 1042 3582 sed
1054 3539 1158 3601 expe-

16 3708 17 3727 *
65 3675 67 3678 .
189 3621 312 3690 rientia
325 3633 360 3689 et
378 3625 488 3690 oculis
508 3629 730 3706 compertum
746 3625 966 3689 haberemus.
982 3623 1097 3706 Nune,
1114 3625 1160 3690 de

189 3729 365 3799 Gallorum
381 3731 444 3796 diis
462 3731 618 3813 quamvis
633 3733 715 3795 satis
729 3731 842 3796 adhuc
866 3748 935 3794 non
959 3729 1088 3812 liqueat
1108 3738 1155 3818 ει,

228 4045 273 4136 (³.)
290 4049 334 4119 m
350 4049 401 4116 tu.
421 4049 485 4120 aar.
503 4051 558 4124 vr,
578 4051 626 4108 rr.
