3062 5230
746 1285 869 1334 canones
891 1291 1023 1331 castere.

435 1739 595 1806 Nonnulli
608 1747 689 1802 sunt
705 1759 840 1807 errores
861 1741 898 1804 in
920 1739 1203 1819 Commentariis,
1222 1743 1266 1804 ad
1287 1761 1361 1825 geo-

396 1847 576 1933 graphiam
590 1845 994 1938 pleriquelpertinentes,
1019 1862 1105 1925 quos
1128 1843 1253 1923 Caesar,
1272 1845 1363 1909 loeo-

397 1972 476 2020 rum
488 1951 647 2034 quamvis
659 1953 781 2020 notitia
800 1969 949 2031 veraque
963 1957 1000 2014 et
1012 1949 1118 2013 nitida
1137 1949 1368 2030 descriptione

398 2077 519 2126 omnes
532 2060 623 2123 inter
636 2058 817 2130 historicos
835 2057 1000 2137 emineat,
1022 2062 1160 2132 tamen,
1181 2055 1261 2134 quia
1284 2074 1366 2120 nar-

399 2166 554 2231 rantibus
565 2173 695 2254 temere
710 2163 917 2244 crediderit(
934 2163 1027 2243 quod
1042 2162 1147 2227 Pollio
1158 2163 1370 2244 objectavit),

392 2253 460 2335 ‘aut
472 2269 562 2352 ipse,
576 2253 700 2350 praeter
714 2271 871 2351 solitum,
889 2275 1022 2333 attento
1034 2267 1149 2331 minus
1163 2266 1277 2338 animo
1292 2266 1371 2328 fue-

400 2377 467 2456 rit,
484 2375 662 2441 admisisse
678 2377 824 2441 videtur.

440 2488 508 2569 lta,
531 2489 574 2552 ab
594 2488 770 2553 Aduatuca
793 2495 965 2552 extremas
989 2487 1175 2551 Arduennae
1189 2490 1304 2566 partes
1318 2483 1371 2546 ire

401 2613 512 2675 quum
526 2596 757 2661 constituisset
772 2596 837 2678 (1),
860 2615 896 2660 se
915 2595 1101 2660 tetendisse
1115 2599 1232 2656 narrat
1247 2592 1290 2656 ad
1304 2591 1374 2654 ssu-

400 2721 483 2767 men
510 2702 658 2770 Scaldim
683 2704 778 2784 quod
809 2701 924 2765 induit
948 2703 983 2766 in
1014 2703 1153 2766 Mosam.
1183 2700 1310 2777 Porro,
1329 2699 1372 2764 ab

400 2807 583 2896 Aduatuea
594 2807 813 2871 Arduennam
835 2809 949 2889 eunti,
974 2826 1046 2874 non
1064 2807 1191 2874 Scaldis
1204 2825 1310 2886 quem
1324 2807 1372 2870 in-

401 2916 456 2974 ter
474 2919 509 2975 et
531 2912 752 2976 Arduennam
763 2903 918 2978 Aduatiei
939 2913 1043 2978 medii
1064 2921 1166 2994 sunt,
1189 2913 1248 2976 sed
1276 2911 1370 2976 Sabis

401 3019 461 3099 qui
481 3019 675 3106 Aduatucos
705 3021 754 3084 ab
776 3021 960 3102 Arduenna
990 3022 1112 3085 dividit
1141 3020 1373 3084 transeundus

401 3132 486 3189 erat.
501 3127 607 3207 Tum,
626 3125 758 3192 flumen
774 3127 924 3192 Scaldim
940 3104 1086 3192 influere
1103 3127 1138 3190 in
1153 3129 1281 3191 Alosam
1295 3127 1374 3206 quis

401 3217 558 3312 unquam
572 3232 711 3313 audivit,
728 3252 800 3313 quae
815 3235 858 3318 ad
871 3233 1046 3300 Oceanum
1064 3242 1158 3300 reeta
1173 3235 1225 3299 via
1235 3241 1373 3315 perten-

402 3337 476 3400 dit?
501 3338 617 3403 Sabim
644 3339 789 3402 veroin
814 3340 944 3404 Mosam
972 3344 1068 3423 juxta
1093 3343 1304 3406 Namureum
1321 3340 1374 3402 in-

400 3443 508 3509 fluere
522 3444 637 3509 sciunt
652 3461 782 3509 omnes.
801 3445 904 3527 Ergo,
922 3467 1004 3510 cum
1024 3467 1042 3510 e
1067 3449 1199 3512 ratione
1217 3445 1371 3527 itineris,

401 3560 478 3616 tum
504 3552 663 3617 locorum
688 3570 707 3613 e
737 3560 860 3615 natura
884 3561 1021 3618 constat
1049 3553 1214 3619 Caesarem
1225 3553 1374 3618 Scaldim

401 3677 465 3737 pro
479 3658 590 3722 Sabim
607 3659 791 3740 scripsisse.
812 3660 912 3740 Quod
926 3662 1079 3728 Gnaeum
1106 3667 1179 3744 ejus
1204 3665 1374 3744 interpre-

443 3981 488 4062 (t)
511 3983 554 4042 Dc
568 3943 619 4039 del.
643 3983 708 4040 Gul.
724 3986 784 4054 Vt,
803 3983 873 4038 33.-
