3062 5230
565 529 604 540 ..
624 495 661 560 ρ(
687 527 725 540 n.

180 675 183 682 .
202 622 298 706 Quid
321 623 445 706 plural
470 624 543 688 llus
572 623 627 686 ille
649 623 807 690 omnium
825 626 885 710 qui
907 623 1048 692 luerint
1062 625 1133 693 lere

164 737 487 819 praestantissimus,
505 749 594 816 quos
609 744 745 800 errores
760 734 955 819 admiserit,
978 747 1052 818 quc
1073 735 1134 798 de·

164 837 525 924 rutmenraacooperiu
539 837 917 919 mira-aliquandocum
937 837 1134 907 sinceritate

165 947 329 1013 declarat.
352 945 424 1028 lta,
447 943 843 1026 acensitto'deceptus,
866 943 992 1009 montis
1009 945 1133 1028 iugum

166 1053 261 1133 quod
291 1049 459 1115 Labienus
491 1056 724 1131 occupaverat
759 1048 803 1112 ab
833 1047 992 1113 llelrctiis
1024 1051 1134 1116 teucri

168 1175 280 1238 quum
297 1154 516 1235 credid‘isscu·
527 1173 530 1184 ·
540 1168 577 1218 sc
590 1160 708 1220 narrat
721 1152 943 1236 opprimendi
956 1153 1135 1228 lrr'rstis‘oo·

170 1266 345 1330 casionern
358 1260 584 1346 amisisse-(l).
616 1260 712 1344 Pon,
726 1263 970 1330 Noviodunrun
994 1269 1138 1348 propter

166 1369 385 1436 latitudinem
407 1368 499 1433 fossas
511 1369 675 1449 murique
692 1365 929 1451 altitudinem,
945 1371 1138 1454 paucis'de

168 1474 400 1556 tendentibus,
413 1473 612 1558 expugnare
625 1491 697 1538 non
710 1474 924 1559 potuissem.
962 1483 965 1489 “

205 1582 250 1645 lia
264 1579 369 1646 etiarn
383 1581 511 1664 quinus*
529 1579 668 1645 sevitie*
682 1580 807 1647 merito
830 1581 1048 1649 innueretur·
1066 1585 1138 1667 ipse

167 1687 211 1750 ad
233 1687 349 1751 lucem
359 1687 486 1769 prodit.
504 1688 714 1780 Expugnnto,
724 1687 884 1772 Avarico,
900 1689 1048 1754 militem
1066 1697 1137 1758 tra-

167 1792 308 1858 ditnon
330 1800 429 1858 aetate
451 1793 633 1873 conlectis,
655 1810 728 1856 non
745 1792 967 1876 mulieribus,
996 1811 1067 1861 uon
1083 1795 1138 1860 in-

168 1897 319 1966 fantibus
350 1898 556 1982 pepercisse.
580 1899 757 1965 obstitisse
776 1899 879 1966 militi
890 1900 1140 1985 imperatorem

167 2022 241 2070 non
252 2007 364 2072 tradit
372 2007 430 2090 (3).
460 2006 569 2087 litque
603 2007 709 2087 adeo,
741 2005 917 2071 Germanis
939 2007 1138 2089 oppressis,

168 2129 281 2192 quum
304 2109 494 2176 multitudo
520 2129 712 2193 puerorum
727 2118 763 2176 ct
775 2112 965 2178 mulierum
979 2114 1136 2196 fugeret,

169 2235 230 2283 cos
251 2219 445 2285 consectari
466 2219 572 2286 Caesar
594 2219 788 2301 equitatum
811 2219 911 2302 jussit
933 2219 991 2304 (4).
1008 2218 1140 2285 Omitto

169 2324 371 2389 Eburonum
385 2324 556 2390 excidium
575 2324 622 2409 (5)
637 2332 672 2389 et
692 2324 832 2390 ltcccnis
845 2325 1055 2408 supplicium
1074 2324 1136 2410 (6).

170 2431 278 2496 Etiam
294 2430 454 2496 incendia
468 2439 503 2497 et
525 2433 734 2497 vastationes
757 2433 882 2496 omitto
897 2432 1035 2512 quibus,
1053 2451 1150 2516 qum.

170 2543 385 2618 quercetum,
407 2553 473 2619 pcr
487 2535 768 2618 opulentissimas
790 2536 949 2617 regiones
962 2532 1029 2599 iter
1040 2552 1138 2599 exer-

170 2643 261 2708 citus
278 2642 423 2708 Romani
437 2641 637 2726 signabatur
661 2641 720 2726 (l).
738 2641 779 2707 At
800 2659 911 2724 quum
925 2641 1140 2707 Venetorum

170 2747 282 2832 gentis
297 2765 408 2832 prope
425 2747 468 2812 ad
493 2747 764 2814 internecionem
790 2754 985 2832 pugnatum
1000 2755 1089 2813 esset
1105 2755 1141 2814 et

171 2855 273 2938 pauci
286 2855 346 2936 qui
355 2855 600 2938 superfuerant
621 2873 802 2938 scenaque
818 2855 935 2920 omnia
951 2855 1069 2923 Caesari
1083 2855 1140 2921 de

212 3223 596 3310 (postumatum.
684 3293 686 3300 y

215 3341 261 3423 (2)
276 3341 347 3402 Ibin.
367 3343 417 3415 ll,
434 3340 481 3398 ll.
501 3340 713 3426 Invitouctiam
730 3339 762 3395 in
784 3346 927 3402 mentem
943 3338 1026 3396 venit
1051 3339 1135 3398 cele-

169 3448 299 3526 lrerrimi
311 3447 362 3524 cuj
368 3447 477 3506 usdam
488 3445 624 3504 cnostris
632 3444 827 3522 imperatoris
835 3441 980 3504 verbum:
992 3446 1024 3518 je
1030 3443 1134 3520 [nyso.

213 3561 501 3644 (tillitvrmt.
593 3615 595 3622 .

212 3678 260 3761 (ἱι)
273 3678 345 3738 ltro.
361 3681 417 3753 lll,
438 3680 486 3740 tt.

213 3793 260 3876 (5)
273 3793 346 3854 lttct
361 3797 417 3868 Vl,
437 3796 471 3854 st
482 3796 556 3870 ‚nt

213 3906 261 3988 (6)
279 3906 352 3966 ltin.
369 3908 431 3980 Vl,
455 3908 503 3968 ἰώ.
728 3971 730 3976 ,

216 4023 262 4105 (l)
282 4024 423 4101 Singulos
438 4021 478 4088 orl
491 4021 603 4097 libros,
616 4023 789 4102 praescrlim
808 4024 863 4098 IV,
883 4023 930 4082 ts.
947 4055 987 4068 -
1004 4022 1043 4098 V,
1057 4021 1105 4081 (ιδ.

1043 4139 1060 4191 2
