<?xml version="1.0" encoding="UTF-8"?>
<!DOCTYPE html PUBLIC "-//W3C//DTD XHTML 1.0 Transitional//EN"
    "http://www.w3.org/TR/xhtml1/DTD/xhtml1-transitional.dtd">
<html xmlns="http://www.w3.org/1999/xhtml" xml:lang="en" lang="en">
 <head>
  <title>
</title>
<meta http-equiv="Content-Type" content="text/html;charset=utf-8" />
  <meta name='ocr-system' content='tesseract 3.04.00' />
  <meta name='ocr-capabilities' content='ocr_page ocr_carea ocr_par ocr_line ocrx_word'/>
</head>
<body>
  <div class='ocr_page' id='page_1' title='image "./decaesarereruma00henngoog_0019.png"; bbox 0 0 3062 5230; ppageno 0'>
   <div class='ocr_carea' id='block_1_1' title="bbox 809 489 972 552">
    <p class='ocr_par' dir='ltr' id='par_1_1' title="bbox 809 489 972 552">
     <span class='ocr_line' id='line_1_1' title="bbox 809 489 972 552; baseline -0.006 -18"><span class='ocrx_word' id='word_1_1' title='bbox 809 489 972 552; x_wconf 62' lang='grc'><strong>,16-</strong></span> 
     </span>
    </p>
   </div>
   <div class='ocr_carea' id='block_1_2' title="bbox 397 614 1456 2198">
    <p class='ocr_par' dir='ltr' id='par_1_2' title="bbox 400 614 1365 791">
     <span class='ocr_line' id='line_1_2' title="bbox 401 614 1365 696; baseline -0.004 -14"><span class='ocrx_word' id='word_1_2' title='bbox 401 617 629 682; x_wconf 89' lang='lat' dir='ltr'><strong>tinuationem</strong></span> <span class='ocrx_word' id='word_1_3' title='bbox 642 616 819 696; x_wconf 87' lang='lat' dir='ltr'><strong>imbrium,</strong></span> <span class='ocrx_word' id='word_1_4' title='bbox 840 616 964 683; x_wconf 80' lang='lat' dir='ltr'><strong>intaeta</strong></span> <span class='ocrx_word' id='word_1_5' title='bbox 973 633 1011 686; x_wconf 87' lang='lat' dir='ltr'><strong>re</strong></span> <span class='ocrx_word' id='word_1_6' title='bbox 1023 614 1214 680; x_wconf 85' lang='lat' dir='ltr'><strong>exereitum</strong></span> <span class='ocrx_word' id='word_1_7' title='bbox 1229 614 1365 680; x_wconf 78' lang='lat' dir='ltr'><strong>reducit</strong></span> 
     </span>
     <span class='ocr_line' id='line_1_3' title="bbox 400 724 818 791; baseline -0.022 0"><span class='ocrx_word' id='word_1_8' title='bbox 400 732 435 791; x_wconf 88' lang='lat' dir='ltr'><strong>et</strong></span> <span class='ocrx_word' id='word_1_9' title='bbox 449 725 485 790; x_wconf 91' lang='lat' dir='ltr'><strong>in</strong></span> <span class='ocrx_word' id='word_1_10' title='bbox 498 724 649 790; x_wconf 86' lang='lat' dir='ltr'><strong>hibernis</strong></span> <span class='ocrx_word' id='word_1_11' title='bbox 662 725 818 790; x_wconf 89' lang='lat' dir='ltr'><strong>collocat.</strong></span> 
     </span>
    </p>

    <p class='ocr_par' dir='ltr' id='par_1_3' title="bbox 397 831 1456 1876">
     <span class='ocr_line' id='line_1_4' title="bbox 440 831 1373 919; baseline -0.006 -18"><span class='ocrx_word' id='word_1_12' title='bbox 440 838 584 919; x_wconf 88' lang='lat' dir='ltr'><strong>Propter</strong></span> <span class='ocrx_word' id='word_1_13' title='bbox 608 837 697 900; x_wconf 89' lang='lat' dir='ltr'><strong>hanc</strong></span> <span class='ocrx_word' id='word_1_14' title='bbox 710 833 849 902; x_wconf 69' lang='lat' dir='ltr'><strong>Caesaris</strong></span> <span class='ocrx_word' id='word_1_15' title='bbox 876 834 919 898; x_wconf 87' lang='lat' dir='ltr'><strong>da</strong></span> <span class='ocrx_word' id='word_1_16' title='bbox 935 852 971 898; x_wconf 88' lang='lat' dir='ltr'><strong>so</strong></span> <span class='ocrx_word' id='word_1_17' title='bbox 988 831 1156 913; x_wconf 80' lang='lat' dir='ltr'><strong>loquendi</strong></span> <span class='ocrx_word' id='word_1_18' title='bbox 1172 839 1373 915; x_wconf 82' lang='lat' dir='ltr'><strong>temperan-</strong></span> 
     </span>
     <span class='ocr_line' id='line_1_5' title="bbox 401 935 1372 1022; baseline -0.004 -18"><span class='ocrx_word' id='word_1_19' title='bbox 401 941 504 1022; x_wconf 88' lang='lat' dir='ltr'><strong>tiam,</strong></span> <span class='ocrx_word' id='word_1_20' title='bbox 523 939 837 1021; x_wconf 88' lang='lat' dir='ltr'><strong>pluraplerumque</strong></span> <span class='ocrx_word' id='word_1_21' title='bbox 852 937 1005 1004; x_wconf 78' lang='lat' dir='ltr'>historici</span> <span class='ocrx_word' id='word_1_22' title='bbox 1015 937 1047 1002; x_wconf 86' lang='lat' dir='ltr'><strong>ei</strong></span> <span class='ocrx_word' id='word_1_23' title='bbox 1060 935 1372 1018; x_wconf 87' lang='lat' dir='ltr'><strong>tribueruntquam</strong></span> 
     </span>
     <span class='ocr_line' id='line_1_6' title="bbox 401 1043 1373 1126; baseline -0.002 -18"><span class='ocrx_word' id='word_1_24' title='bbox 401 1044 443 1108; x_wconf 91' lang='lat' dir='ltr'><strong>de</strong></span> <span class='ocrx_word' id='word_1_25' title='bbox 458 1062 494 1108; x_wconf 90' lang='lat' dir='ltr'><strong>se</strong></span> <span class='ocrx_word' id='word_1_26' title='bbox 507 1044 579 1126; x_wconf 87' lang='lat' dir='ltr'><strong>ipse</strong></span> <span class='ocrx_word' id='word_1_27' title='bbox 589 1053 800 1110; x_wconf 78' lang='lat' dir='ltr'><strong>narraverat.</strong></span> <span class='ocrx_word' id='word_1_28' title='bbox 824 1046 874 1110; x_wconf 87' lang='lat' dir='ltr'><strong>lta</strong></span> <span class='ocrx_word' id='word_1_29' title='bbox 888 1044 1074 1116; x_wconf 88' lang='lat' dir='ltr'><strong>Suetonius</strong></span> <span class='ocrx_word' id='word_1_30' title='bbox 1088 1061 1159 1109; x_wconf 92' lang='lat' dir='ltr'><strong>non</strong></span> <span class='ocrx_word' id='word_1_31' title='bbox 1173 1043 1271 1125; x_wconf 88' lang='lat' dir='ltr'><strong>prius</strong></span> <span class='ocrx_word' id='word_1_32' title='bbox 1288 1061 1373 1108; x_wconf 88' lang='lat' dir='ltr'><strong>eum</strong></span> 
     </span>
     <span class='ocr_line' id='line_1_7' title="bbox 399 1152 1371 1234; baseline -0.002 -18"><span class='ocrx_word' id='word_1_33' title='bbox 399 1152 505 1226; x_wconf 80' lang='lat' dir='ltr'><strong>tradit</strong></span> <span class='ocrx_word' id='word_1_34' title='bbox 517 1153 553 1216; x_wconf 90' lang='lat' dir='ltr'><strong>in</strong></span> <span class='ocrx_word' id='word_1_35' title='bbox 562 1153 771 1218; x_wconf 78' lang='lat' dir='ltr'><strong>Britanniam</strong></span> <span class='ocrx_word' id='word_1_36' title='bbox 780 1161 1005 1220; x_wconf 80' lang='lat' dir='ltr'><strong>transmeasse</strong></span> <span class='ocrx_word' id='word_1_37' title='bbox 1018 1171 1124 1234; x_wconf 87' lang='lat' dir='ltr'><strong>quam</strong></span> <span class='ocrx_word' id='word_1_38' title='bbox 1130 1170 1237 1234; x_wconf 83' lang='lat' dir='ltr'><strong>porse</strong></span> <span class='ocrx_word' id='word_1_39' title='bbox 1247 1157 1371 1233; x_wconf 80' lang='lat' dir='ltr'><strong>portus</strong></span> 
     </span>
     <span class='ocr_line' id='line_1_8' title="bbox 399 1259 1370 1344; baseline -0.002 -20"><span class='ocrx_word' id='word_1_40' title='bbox 399 1267 433 1324; x_wconf 87' lang='lat' dir='ltr'><strong>et</strong></span> <span class='ocrx_word' id='word_1_41' title='bbox 462 1261 717 1344; x_wconf 84' lang='lat' dir='ltr'><strong>navigationem</strong></span> <span class='ocrx_word' id='word_1_42' title='bbox 744 1269 780 1326; x_wconf 91' lang='lat' dir='ltr'><strong>et</strong></span> <span class='ocrx_word' id='word_1_43' title='bbox 811 1279 988 1328; x_wconf 87' lang='lat' dir='ltr'><strong>accessum</strong></span> <span class='ocrx_word' id='word_1_44' title='bbox 1008 1262 1053 1333; x_wconf 89' lang='lat' dir='ltr'><strong>ad</strong></span> <span class='ocrx_word' id='word_1_45' title='bbox 1084 1259 1234 1327; x_wconf 90' lang='lat' dir='ltr'><strong>insulam</strong></span> <span class='ocrx_word' id='word_1_46' title='bbox 1255 1260 1370 1340; x_wconf 84' lang='lat' dir='ltr'><strong>explo-</strong></span> 
     </span>
     <span class='ocr_line' id='line_1_9' title="bbox 398 1372 1456 1455; baseline 0.002 -21"><span class='ocrx_word' id='word_1_47' title='bbox 398 1380 506 1436; x_wconf 88' lang='lat' dir='ltr'><strong>rasset</strong></span> <span class='ocrx_word' id='word_1_48' title='bbox 535 1372 592 1455; x_wconf 76' lang='lat' dir='ltr'><strong>(l).</strong></span> <span class='ocrx_word' id='word_1_49' title='bbox 620 1373 661 1437; x_wconf 77' lang='lat' dir='ltr'><strong>tt</strong></span> <span class='ocrx_word' id='word_1_50' title='bbox 684 1373 720 1438; x_wconf 91' lang='lat' dir='ltr'><strong>in</strong></span> <span class='ocrx_word' id='word_1_51' title='bbox 730 1373 994 1440; x_wconf 85' lang='lat' dir='ltr'><strong>Commentariis</strong></span> <span class='ocrx_word' id='word_1_52' title='bbox 1017 1373 1126 1438; x_wconf 75' lang='lat' dir='ltr'><strong>Caesar</strong></span> <span class='ocrx_word' id='word_1_53' title='bbox 1153 1373 1369 1438; x_wconf 75' lang='lat' dir='ltr'><strong>Volusenum</strong></span> <span class='ocrx_word' id='word_1_54' title='bbox 1452 1429 1456 1436; x_wconf 92' lang='lat'>.</span> 
     </span>
     <span class='ocr_line' id='line_1_10' title="bbox 400 1477 1368 1561; baseline 0.003 -18"><span class='ocrx_word' id='word_1_55' title='bbox 400 1479 513 1558; x_wconf 91' lang='lat' dir='ltr'><strong>(quod</strong></span> <span class='ocrx_word' id='word_1_56' title='bbox 527 1477 635 1560; x_wconf 86' lang='lat' dir='ltr'><strong>magis</strong></span> <span class='ocrx_word' id='word_1_57' title='bbox 660 1479 816 1560; x_wconf 86' lang='lat' dir='ltr'><strong>prolecto</strong></span> <span class='ocrx_word' id='word_1_58' title='bbox 848 1479 1093 1561; x_wconf 81' lang='lat' dir='ltr'><strong>imperatorem</strong></span> <span class='ocrx_word' id='word_1_59' title='bbox 1121 1478 1252 1561; x_wconf 81' lang='lat' dir='ltr'><strong>decet)</strong></span> <span class='ocrx_word' id='word_1_60' title='bbox 1286 1497 1368 1546; x_wconf 87' lang='lat' dir='ltr'><strong>cum</strong></span> 
     </span>
     <span class='ocr_line' id='line_1_11' title="bbox 397 1570 1372 1667; baseline 0.002 -21"><span class='ocrx_word' id='word_1_61' title='bbox 397 1584 477 1648; x_wconf 87' lang='lat' dir='ltr'><strong>navi</strong></span> <span class='ocrx_word' id='word_1_62' title='bbox 502 1585 601 1665; x_wconf 77' lang='lat' dir='ltr'><strong>longa</strong></span> <span class='ocrx_word' id='word_1_63' title='bbox 623 1584 825 1666; x_wconf 74' lang='lat' dir='ltr'><strong>praemisisse</strong></span> <span class='ocrx_word' id='word_1_64' title='bbox 857 1585 996 1652; x_wconf 88' lang='lat' dir='ltr'><strong>dieitur.</strong></span> <span class='ocrx_word' id='word_1_65' title='bbox 1022 1570 1100 1667; x_wconf 85' lang='lat' dir='ltr'><strong>Quo</strong></span> <span class='ocrx_word' id='word_1_66' title='bbox 1117 1584 1261 1653; x_wconf 83' lang='lat' dir='ltr'><strong>reduce.</strong></span> <span class='ocrx_word' id='word_1_67' title='bbox 1291 1602 1372 1648; x_wconf 84' lang='lat' dir='ltr'><strong>nac·</strong></span> 
     </span>
     <span class='ocr_line' id='line_1_12' title="bbox 397 1688 1371 1771; baseline 0.002 -19"><span class='ocrx_word' id='word_1_68' title='bbox 397 1696 455 1752; x_wconf 89' lang='lat' dir='ltr'><strong>tus</strong></span> <span class='ocrx_word' id='word_1_69' title='bbox 471 1688 633 1753; x_wconf 89' lang='lat' dir='ltr'><strong>idoneam</strong></span> <span class='ocrx_word' id='word_1_70' title='bbox 649 1696 892 1771; x_wconf 86' lang='lat' dir='ltr'><strong>tempestatem</strong></span> <span class='ocrx_word' id='word_1_71' title='bbox 910 1709 992 1758; x_wconf 85' lang='lat' dir='ltr'><strong>oum</strong></span> <span class='ocrx_word' id='word_1_72' title='bbox 1007 1690 1105 1756; x_wconf 89' lang='lat' dir='ltr'><strong>omni</strong></span> <span class='ocrx_word' id='word_1_73' title='bbox 1130 1690 1286 1756; x_wconf 80' lang='lat' dir='ltr'><strong>exercitu</strong></span> <span class='ocrx_word' id='word_1_74' title='bbox 1304 1691 1371 1762; x_wconf 79' lang='lat' dir='ltr'><strong>sol,-</strong></span> 
     </span>
     <span class='ocr_line' id='line_1_13' title="bbox 399 1791 526 1876; baseline 0.008 -21"><span class='ocrx_word' id='word_1_75' title='bbox 399 1792 449 1870; x_wconf 74' lang='lat' dir='ltr'><strong>rit</strong></span> <span class='ocrx_word' id='word_1_76' title='bbox 467 1791 526 1876; x_wconf 72' lang='lat'>(2).</span> 
     </span>
    </p>

    <p class='ocr_par' dir='ltr' id='par_1_4' title="bbox 399 1899 1372 2198">
     <span class='ocr_line' id='line_1_14' title="bbox 440 1899 1372 1968; baseline 0.004 -6"><span class='ocrx_word' id='word_1_77' title='bbox 440 1901 526 1964; x_wconf 89' lang='lat' dir='ltr'><strong>Duas</strong></span> <span class='ocrx_word' id='word_1_78' title='bbox 540 1899 644 1962; x_wconf 88' lang='lat' dir='ltr'><strong>etiam</strong></span> <span class='ocrx_word' id='word_1_79' title='bbox 662 1899 705 1964; x_wconf 90' lang='lat' dir='ltr'><strong>ad</strong></span> <span class='ocrx_word' id='word_1_80' title='bbox 721 1899 920 1964; x_wconf 87' lang='lat' dir='ltr'><strong>Pharsalum</strong></span> <span class='ocrx_word' id='word_1_81' title='bbox 930 1899 1069 1967; x_wconf 80' lang='lat' dir='ltr'><strong>Caesaris</strong></span> <span class='ocrx_word' id='word_1_82' title='bbox 1081 1900 1295 1966; x_wconf 80' lang='lat' dir='ltr'><strong>auditasesse</strong></span> <span class='ocrx_word' id='word_1_83' title='bbox 1308 1919 1372 1968; x_wconf 60' lang='lat' dir='ltr'><strong>vor</strong></span> 
     </span>
     <span class='ocr_line' id='line_1_15' title="bbox 399 2008 1369 2094; baseline 0.002 -20"><span class='ocrx_word' id='word_1_84' title='bbox 399 2025 456 2074; x_wconf 87' lang='lat' dir='ltr'><strong>oes</strong></span> <span class='ocrx_word' id='word_1_85' title='bbox 485 2008 718 2091; x_wconf 83' lang='lat' dir='ltr'><strong>Plutarchus,</strong></span> <span class='ocrx_word' id='word_1_86' title='bbox 748 2011 946 2094; x_wconf 83' lang='lat' dir='ltr'><strong>Appianus,</strong></span> <span class='ocrx_word' id='word_1_87' title='bbox 971 2014 1127 2080; x_wconf 76' lang='lat' dir='ltr'><strong>annus</strong></span> <span class='ocrx_word' id='word_1_88' title='bbox 1156 2014 1308 2077; x_wconf 86' lang='lat' dir='ltr'><strong>retulere</strong></span> <span class='ocrx_word' id='word_1_89' title='bbox 1321 2012 1369 2094; x_wconf 84' lang='lat'>(3.)</span> 
     </span>
     <span class='ocr_line' id='line_1_16' title="bbox 400 2115 1368 2198; baseline 0.007 -21"><span class='ocrx_word' id='word_1_90' title='bbox 400 2131 512 2193; x_wconf 78' lang='lat' dir='ltr'><strong>quaes</strong></span> <span class='ocrx_word' id='word_1_91' title='bbox 533 2115 797 2182; x_wconf 81' lang='lat' dir='ltr'><strong>Commentariis</strong></span> <span class='ocrx_word' id='word_1_92' title='bbox 814 2117 958 2196; x_wconf 79' lang='lat' dir='ltr'><strong>absunt3</strong></span> <span class='ocrx_word' id='word_1_93' title='bbox 984 2133 1116 2198; x_wconf 87' lang='lat' dir='ltr'><strong>unam,</strong></span> <span class='ocrx_word' id='word_1_94' title='bbox 1139 2133 1254 2198; x_wconf 83' lang='lat' dir='ltr'><strong>pugna</strong></span> <span class='ocrx_word' id='word_1_95' title='bbox 1283 2116 1368 2184; x_wconf 83' lang='lat' dir='ltr'><strong>dum</strong></span> 
     </span>
    </p>
   </div>
   <div class='ocr_carea' id='block_1_3' title="bbox 393 2218 1372 2640">
    <p class='ocr_par' dir='ltr' id='par_1_5' title="bbox 393 2218 1372 2640">
     <span class='ocr_line' id='line_1_17' title="bbox 400 2218 1369 2305; baseline 0.003 -25"><span class='ocrx_word' id='word_1_96' title='bbox 400 2218 547 2284; x_wconf 78' lang='lat' dir='ltr'><strong>ferveret</strong></span> <span class='ocrx_word' id='word_1_97' title='bbox 562 2241 570 2281; x_wconf 90' lang='lat'>:</span> <span class='ocrx_word' id='word_1_98' title='bbox 585 2222 677 2288; x_wconf 85' lang='lat' dir='ltr'><strong>miles</strong></span> <span class='ocrx_word' id='word_1_99' title='bbox 704 2223 739 2286; x_wconf 82' lang='lat' dir='ltr'><strong>in</strong></span> <span class='ocrx_word' id='word_1_100' title='bbox 757 2221 878 2298; x_wconf 81' lang='lat' dir='ltr'><strong>faeiem</strong></span> <span class='ocrx_word' id='word_1_101' title='bbox 900 2221 963 2298; x_wconf 82' lang='lat' dir='ltr'><strong>seri</strong></span> <span class='ocrx_word' id='word_1_102' title='bbox 980 2220 1055 2305; x_wconf 80' lang='lat' dir='ltr'><strong>(l)‚·</strong></span> <span class='ocrx_word' id='word_1_103' title='bbox 1076 2223 1245 2302; x_wconf 86' lang='lat' dir='ltr'><strong>atteram,</strong></span> <span class='ocrx_word' id='word_1_104' title='bbox 1271 2222 1369 2284; x_wconf 50' lang='lat' dir='ltr'><strong>Peme</strong></span> 
     </span>
     <span class='ocr_line' id='line_1_18' title="bbox 393 2323 1369 2410; baseline 0.005 -25"><span class='ocrx_word' id='word_1_105' title='bbox 393 2323 513 2403; x_wconf 86' lang='lat' dir='ltr'><strong>peiani</strong></span> <span class='ocrx_word' id='word_1_106' title='bbox 525 2344 607 2389; x_wconf 88' lang='lat' dir='ltr'><strong>oum</strong></span> <span class='ocrx_word' id='word_1_107' title='bbox 626 2327 785 2410; x_wconf 84' lang='lat' dir='ltr'><strong>lugerent</strong></span> <span class='ocrx_word' id='word_1_108' title='bbox 800 2350 808 2392; x_wconf 77' lang='grc' dir='ltr'><strong><em>ε</em></strong></span> <span class='ocrx_word' id='word_1_109' title='bbox 824 2328 915 2392; x_wconf 73' lang='lat' dir='ltr'><strong>mdes</strong></span> <span class='ocrx_word' id='word_1_110' title='bbox 924 2346 1033 2410; x_wconf 84' lang='lat' dir='ltr'><strong>parce</strong></span> <span class='ocrx_word' id='word_1_111' title='bbox 1050 2328 1181 2392; x_wconf 81' lang='lat' dir='ltr'><strong>civibus.</strong></span> <span class='ocrx_word' id='word_1_112' title='bbox 1208 2327 1369 2409; x_wconf 78' lang='lat' dir='ltr'><strong>Egregias</strong></span> 
     </span>
     <span class='ocr_line' id='line_1_19' title="bbox 400 2432 1371 2514; baseline 0 -18"><span class='ocrx_word' id='word_1_113' title='bbox 400 2449 482 2511; x_wconf 80' lang='lat' dir='ltr'><strong>sane</strong></span> <span class='ocrx_word' id='word_1_114' title='bbox 513 2442 549 2498; x_wconf 88' lang='lat' dir='ltr'><strong>et</strong></span> <span class='ocrx_word' id='word_1_115' title='bbox 571 2433 770 2500; x_wconf 84' lang='lat' dir='ltr'><strong>diversitate</strong></span> <span class='ocrx_word' id='word_1_116' title='bbox 790 2434 895 2498; x_wconf 84' lang='lat' dir='ltr'><strong>etiam</strong></span> <span class='ocrx_word' id='word_1_117' title='bbox 916 2432 1166 2506; x_wconf 53' lang='lat' dir='ltr'><strong>mirabiliorem</strong></span> <span class='ocrx_word' id='word_1_118' title='bbox 1198 2432 1258 2496; x_wconf 86' lang='lat' dir='ltr'><strong>sed</strong></span> <span class='ocrx_word' id='word_1_119' title='bbox 1284 2447 1371 2514; x_wconf 86' lang='lat' dir='ltr'><strong>quas</strong></span> 
     </span>
     <span class='ocr_line' id='line_1_20' title="bbox 400 2536 1372 2640; baseline 0 -38"><span class='ocrx_word' id='word_1_120' title='bbox 400 2539 627 2622; x_wconf 80' lang='lat' dir='ltr'><strong>belloquovis</strong></span> <span class='ocrx_word' id='word_1_121' title='bbox 647 2539 791 2606; x_wconf 82' lang='lat' dir='ltr'><strong>incivili</strong></span> <span class='ocrx_word' id='word_1_122' title='bbox 814 2540 1055 2622; x_wconf 80' lang='lat' dir='ltr'><strong>pronuntiasse</strong></span> <span class='ocrx_word' id='word_1_123' title='bbox 1079 2536 1274 2640; x_wconf 66' lang='lat' dir='ltr'><strong>censebitur</strong></span> <span class='ocrx_word' id='word_1_124' title='bbox 1297 2536 1372 2617; x_wconf 89' lang='lat' dir='ltr'><strong>qui-</strong></span> 
     </span>
    </p>
   </div>
   <div class='ocr_carea' id='block_1_4' title="bbox 396 2633 1370 3149">
    <p class='ocr_par' dir='ltr' id='par_1_6' title="bbox 400 2633 1370 2918">
     <span class='ocr_line' id='line_1_21' title="bbox 400 2633 1369 2727; baseline -0.001 -17"><span class='ocrx_word' id='word_1_125' title='bbox 400 2665 552 2727; x_wconf 89' lang='lat' dir='ltr'><strong>oumque</strong></span> <span class='ocrx_word' id='word_1_126' title='bbox 562 2633 648 2713; x_wconf 75' lang='lat' dir='ltr'><strong>oaeso</strong></span> <span class='ocrx_word' id='word_1_127' title='bbox 665 2649 764 2712; x_wconf 88' lang='lat' dir='ltr'><strong>hoste</strong></span> <span class='ocrx_word' id='word_1_128' title='bbox 778 2655 815 2712; x_wconf 87' lang='lat' dir='ltr'><strong>et</strong></span> <span class='ocrx_word' id='word_1_129' title='bbox 832 2646 865 2710; x_wconf 88' lang='lat' dir='ltr'><strong>ri</strong></span> <span class='ocrx_word' id='word_1_130' title='bbox 879 2647 1059 2727; x_wconf 79' lang='lat' dir='ltr'><strong>occupatis</strong></span> <span class='ocrx_word' id='word_1_131' title='bbox 1072 2646 1235 2714; x_wconf 91' lang='lat' dir='ltr'><strong>omnibus</strong></span> <span class='ocrx_word' id='word_1_132' title='bbox 1249 2643 1369 2723; x_wconf 87' lang='lat' dir='ltr'><strong>rebus,</strong></span> 
     </span>
     <span class='ocr_line' id='line_1_22' title="bbox 401 2752 1370 2833; baseline -0.002 -19"><span class='ocrx_word' id='word_1_133' title='bbox 401 2769 561 2833; x_wconf 85' lang='lat' dir='ltr'><strong>magnam</strong></span> <span class='ocrx_word' id='word_1_134' title='bbox 580 2752 646 2816; x_wconf 90' lang='lat' dir='ltr'><strong>sibi</strong></span> <span class='ocrx_word' id='word_1_135' title='bbox 663 2753 900 2833; x_wconf 72' lang='lat' dir='ltr'><strong>temperantiae</strong></span> <span class='ocrx_word' id='word_1_136' title='bbox 913 2759 949 2816; x_wconf 85' lang='lat' dir='ltr'><strong>et</strong></span> <span class='ocrx_word' id='word_1_137' title='bbox 962 2754 1154 2818; x_wconf 79' lang='lat' dir='ltr'><strong>elementiae</strong></span> <span class='ocrx_word' id='word_1_138' title='bbox 1182 2753 1309 2819; x_wconf 78' lang='lat' dir='ltr'><strong>famam</strong></span> <span class='ocrx_word' id='word_1_139' title='bbox 1326 2752 1370 2814; x_wconf 87' lang='lat' dir='ltr'><strong>le-</strong></span> 
     </span>
     <span class='ocr_line' id='line_1_23' title="bbox 401 2854 527 2918; baseline -0.032 0"><span class='ocrx_word' id='word_1_140' title='bbox 401 2854 500 2918; x_wconf 85' lang='lat' dir='ltr'><strong>cerit.</strong></span> <span class='ocrx_word' id='word_1_141' title='bbox 524 2907 527 2914; x_wconf 29' lang='lat' dir='ltr'><strong>i</strong></span> 
     </span>
    </p>

    <p class='ocr_par' dir='ltr' id='par_1_7' title="bbox 396 2955 1367 3149">
     <span class='ocr_line' id='line_1_24' title="bbox 396 2955 1367 3042; baseline -0.01 -16"><span class='ocrx_word' id='word_1_142' title='bbox 396 3007 400 3012; x_wconf 25' lang='lat' dir='ltr'><strong>a</strong></span> <span class='ocrx_word' id='word_1_143' title='bbox 440 2961 508 3026; x_wconf 87' lang='lat' dir='ltr'><strong>Nee</strong></span> <span class='ocrx_word' id='word_1_144' title='bbox 523 2959 630 3042; x_wconf 79' lang='lat' dir='ltr'><strong>magis</strong></span> <span class='ocrx_word' id='word_1_145' title='bbox 643 2959 796 3034; x_wconf 79' lang='lat' dir='ltr'><strong>flevisse,</strong></span> <span class='ocrx_word' id='word_1_146' title='bbox 824 2965 1010 3040; x_wconf 83' lang='lat' dir='ltr'><strong>conspecto</strong></span> <span class='ocrx_word' id='word_1_147' title='bbox 1024 2955 1179 3038; x_wconf 85' lang='lat' dir='ltr'><strong>Pompeii</strong></span> <span class='ocrx_word' id='word_1_148' title='bbox 1198 2955 1313 3036; x_wconf 85' lang='lat' dir='ltr'><strong>eapite</strong></span> <span class='ocrx_word' id='word_1_149' title='bbox 1335 2961 1367 3016; x_wconf 87' lang='lat' dir='ltr'><strong>et</strong></span> 
     </span>
     <span class='ocr_line' id='line_1_25' title="bbox 401 3055 1365 3149; baseline -0.008 -18"><span class='ocrx_word' id='word_1_150' title='bbox 401 3067 531 3135; x_wconf 84' lang='lat' dir='ltr'><strong>annulo</strong></span> <span class='ocrx_word' id='word_1_151' title='bbox 545 3065 611 3149; x_wconf 77' lang='grc' dir='ltr'>(ὅ),</span> <span class='ocrx_word' id='word_1_152' title='bbox 629 3067 737 3136; x_wconf 77' lang='lat' dir='ltr'><strong>caesar</strong></span> <span class='ocrx_word' id='word_1_153' title='bbox 753 3067 790 3130; x_wconf 89' lang='lat' dir='ltr'><strong>in</strong></span> <span class='ocrx_word' id='word_1_154' title='bbox 803 3055 1066 3145; x_wconf 84' lang='lat' dir='ltr'><strong>Commentariis</strong></span> <span class='ocrx_word' id='word_1_155' title='bbox 1081 3062 1231 3144; x_wconf 78' lang='lat' dir='ltr'><strong>dicitur3</strong></span> <span class='ocrx_word' id='word_1_156' title='bbox 1246 3079 1365 3142; x_wconf 53' lang='lat' dir='ltr'><strong>&gt;quern</strong></span> 
     </span>
    </p>
   </div>
   <div class='ocr_carea' id='block_1_5' title="bbox 404 3381 1375 4085">
    <p class='ocr_par' dir='ltr' id='par_1_8' title="bbox 445 3381 698 3464">
     <span class='ocr_line' id='line_1_26' title="bbox 445 3381 698 3464; baseline 0 -22"><span class='ocrx_word' id='word_1_157' title='bbox 445 3383 491 3464; x_wconf 90' lang='grc'><strong>(1)</strong></span> <span class='ocrx_word' id='word_1_158' title='bbox 505 3382 542 3442; x_wconf 82' lang='lat' dir='ltr'><strong>Io</strong></span> <span class='ocrx_word' id='word_1_159' title='bbox 555 3381 625 3448; x_wconf 78' lang='lat' dir='ltr'><strong>Coes.</strong></span> <span class='ocrx_word' id='word_1_160' title='bbox 649 3385 698 3444; x_wconf 79' lang='lat'><strong>58.</strong></span> 
     </span>
    </p>

    <p class='ocr_par' dir='ltr' id='par_1_9' title="bbox 444 3487 922 3570">
     <span class='ocr_line' id='line_1_27' title="bbox 444 3487 922 3570; baseline -0.002 -23"><span class='ocrx_word' id='word_1_161' title='bbox 444 3487 490 3570; x_wconf 80' lang='lat'><strong>(2)</strong></span> <span class='ocrx_word' id='word_1_162' title='bbox 509 3491 554 3549; x_wconf 67' lang='lat' dir='ltr'><strong>oe</strong></span> <span class='ocrx_word' id='word_1_163' title='bbox 571 3491 624 3548; x_wconf 58' lang='lat' dir='ltr'><strong>aar.</strong></span> <span class='ocrx_word' id='word_1_164' title='bbox 642 3489 853 3562; x_wconf 76' lang='lat' dir='ltr'><strong>Gat.1t&#39;‚2t,</strong></span> <span class='ocrx_word' id='word_1_165' title='bbox 874 3490 922 3546; x_wconf 80' lang='lat' dir='ltr'><strong>as.</strong></span> 
     </span>
    </p>

    <p class='ocr_par' dir='ltr' id='par_1_10' title="bbox 404 3585 1375 3752">
     <span class='ocr_line' id='line_1_28' title="bbox 443 3585 1375 3668; baseline -0.002 -24"><span class='ocrx_word' id='word_1_166' title='bbox 443 3587 489 3668; x_wconf 80' lang='lat'><strong>(3)</strong></span> <span class='ocrx_word' id='word_1_167' title='bbox 519 3589 598 3646; x_wconf 87' lang='lat' dir='ltr'><strong>Plut.</strong></span> <span class='ocrx_word' id='word_1_168' title='bbox 637 3589 666 3648; x_wconf 81' lang='lat' dir='ltr'><strong>J.</strong></span> <span class='ocrx_word' id='word_1_169' title='bbox 693 3586 833 3654; x_wconf 74' lang='lat' dir='ltr'><strong>Cessit.</strong></span> <span class='ocrx_word' id='word_1_170' title='bbox 856 3591 904 3649; x_wconf 80' lang='lat' dir='ltr'><strong>ts.</strong></span> <span class='ocrx_word' id='word_1_171' title='bbox 930 3625 972 3636; x_wconf 82' lang='lat'><strong>—-</strong></span> <span class='ocrx_word' id='word_1_172' title='bbox 995 3593 1071 3668; x_wconf 73' lang='lat' dir='ltr'><strong>App.</strong></span> <span class='ocrx_word' id='word_1_173' title='bbox 1101 3587 1145 3648; x_wconf 78' lang='lat' dir='ltr'><strong>Dc</strong></span> <span class='ocrx_word' id='word_1_174' title='bbox 1170 3588 1224 3645; x_wconf 76' lang='lat' dir='ltr'><strong>let.</strong></span> <span class='ocrx_word' id='word_1_175' title='bbox 1250 3585 1299 3646; x_wconf 84' lang='lat' dir='ltr'><strong>cia.</strong></span> <span class='ocrx_word' id='word_1_176' title='bbox 1334 3617 1375 3642; x_wconf 56' lang='grc'><strong>«-</strong></span> 
     </span>
     <span class='ocr_line' id='line_1_29' title="bbox 404 3691 679 3752; baseline 0.007 -2"><span class='ocrx_word' id='word_1_177' title='bbox 404 3691 599 3752; x_wconf 80' lang='lat' dir='ltr'><strong>Luc..Pliars.</strong></span> <span class='ocrx_word' id='word_1_178' title='bbox 614 3697 679 3752; x_wconf 77' lang='lat' dir='ltr'><strong>Vll.</strong></span> 
     </span>
    </p>

    <p class='ocr_par' dir='ltr' id='par_1_11' title="bbox 404 3793 1372 3978">
     <span class='ocr_line' id='line_1_30' title="bbox 444 3793 1372 3876; baseline 0.001 -21"><span class='ocrx_word' id='word_1_179' title='bbox 444 3793 490 3874; x_wconf 84' lang='lat' dir='ltr'><strong>(lt)</strong></span> <span class='ocrx_word' id='word_1_180' title='bbox 514 3795 595 3868; x_wconf 87' lang='lat' dir='ltr'><strong>Quia</strong></span> <span class='ocrx_word' id='word_1_181' title='bbox 618 3799 799 3876; x_wconf 88' lang='lat' dir='ltr'><strong>Pompeiani</strong></span> <span class='ocrx_word' id='word_1_182' title='bbox 819 3801 996 3870; x_wconf 89' lang='lat' dir='ltr'><strong>delicatuli,</strong></span> <span class='ocrx_word' id='word_1_183' title='bbox 1016 3807 1050 3856; x_wconf 89' lang='lat' dir='ltr'><strong>ut</strong></span> <span class='ocrx_word' id='word_1_184' title='bbox 1071 3802 1177 3873; x_wconf 89' lang='lat' dir='ltr'><strong>aiunt,</strong></span> <span class='ocrx_word' id='word_1_185' title='bbox 1206 3809 1236 3858; x_wconf 88' lang='lat' dir='ltr'><strong>et</strong></span> <span class='ocrx_word' id='word_1_186' title='bbox 1269 3798 1372 3856; x_wconf 53' lang='lat' dir='ltr'><strong>mollis</strong></span> 
     </span>
     <span class='ocr_line' id='line_1_31' title="bbox 404 3901 1293 3978; baseline 0.003 -20"><span class='ocrx_word' id='word_1_187' title='bbox 404 3901 454 3958; x_wconf 93' lang='lat' dir='ltr'><strong>tiis</strong></span> <span class='ocrx_word' id='word_1_188' title='bbox 467 3901 616 3960; x_wconf 88' lang='lat' dir='ltr'><strong>omnibus</strong></span> <span class='ocrx_word' id='word_1_189' title='bbox 632 3902 748 3978; x_wconf 85' lang='lat' dir='ltr'><strong>dediti,</strong></span> <span class='ocrx_word' id='word_1_190' title='bbox 772 3906 894 3964; x_wconf 90' lang='lat' dir='ltr'><strong>vultum</strong></span> <span class='ocrx_word' id='word_1_191' title='bbox 909 3913 980 3962; x_wconf 87' lang='lat' dir='ltr'><strong>anto</strong></span> <span class='ocrx_word' id='word_1_192' title='bbox 995 3909 1104 3964; x_wconf 89' lang='lat' dir='ltr'><strong>omnia</strong></span> <span class='ocrx_word' id='word_1_193' title='bbox 1118 3907 1293 3970; x_wconf 83' lang='lat' dir='ltr'><strong>servabant.</strong></span> 
     </span>
    </p>

    <p class='ocr_par' dir='ltr' id='par_1_12' title="bbox 444 4003 1196 4085">
     <span class='ocr_line' id='line_1_32' title="bbox 444 4003 1196 4085; baseline 0.009 -23"><span class='ocrx_word' id='word_1_194' title='bbox 444 4003 489 4085; x_wconf 84' lang='lat'><strong>(5)</strong></span> <span class='ocrx_word' id='word_1_195' title='bbox 505 4008 584 4065; x_wconf 85' lang='lat' dir='ltr'><strong>l‘lut.</strong></span> <span class='ocrx_word' id='word_1_196' title='bbox 600 4008 629 4063; x_wconf 86' lang='lat' dir='ltr'><strong>in</strong></span> <span class='ocrx_word' id='word_1_197' title='bbox 647 4008 743 4084; x_wconf 82' lang='lat' dir='ltr'><strong>Pomp.</strong></span> <span class='ocrx_word' id='word_1_198' title='bbox 763 4009 812 4066; x_wconf 84' lang='lat'><strong>80.</strong></span> <span class='ocrx_word' id='word_1_199' title='bbox 830 4043 869 4054; x_wconf 84' lang='lat'><strong>-—</strong></span> <span class='ocrx_word' id='word_1_200' title='bbox 890 4006 925 4066; x_wconf 82' lang='lat' dir='ltr'><strong>ln</strong></span> <span class='ocrx_word' id='word_1_201' title='bbox 944 4007 1012 4071; x_wconf 75' lang='lat' dir='ltr'><strong>t&#39;aes.</strong></span> <span class='ocrx_word' id='word_1_202' title='bbox 1029 4011 1078 4070; x_wconf 78' lang='lat' dir='ltr'><strong>tt.</strong></span> <span class='ocrx_word' id='word_1_203' title='bbox 1194 4041 1196 4048; x_wconf 57' lang='lat'>&gt;</span> 
     </span>
    </p>
   </div>
   <div class='ocr_carea' id='block_1_6' title="bbox 0 0 1536 5221">
    <p class='ocr_par' dir='ltr' id='par_1_13' title="bbox 0 0 1536 5221">
     <span class='ocr_line' id='line_1_33' title="bbox 0 0 1536 5221; baseline 0 0"><span class='ocrx_word' id='word_1_204' title='bbox 0 0 1536 5221; x_wconf 95' lang='lat' dir='ltr'><strong> </strong></span> 
     </span>
    </p>
   </div>
  </div>
 </body>
</html>
