3062 5230
567 506 723 568 ..15-

207 637 356 701 Nuncde
379 636 577 718 majoribus.
602 639 670 700 Hac
686 638 779 700 enim
797 638 909 720 specie
921 632 1127 700 sinceritatis

169 760 245 820 quae
254 743 295 807 ad
308 743 445 807 dicendi
453 759 561 825 genus
572 743 721 824 pertinet
733 743 872 826 insignis
881 745 1027 824 quilibet
1038 742 1129 804 frau-

169 847 253 911 dum
267 851 386 913 artifex
401 849 696 930 laciletegeretur.
717 849 783 914 Sed
798 857 856 929 tu,
872 851 954 929 qnid
969 847 1093 912 adhaec
1113 846 1130 906 P

210 955 479 1036 lmperatoribus
500 954 674 1037 plerisque
696 974 806 1035 quum
819 954 854 1016 id
869 954 975 1018 moris
988 953 1047 1032 sit,
1069 959 1129 1030 ut,

170 1079 246 1140 quae
259 1057 423 1143 prospera
447 1061 622 1126 evenerint
642 1061 724 1141 sibi,
748 1079 825 1141 quae
846 1061 989 1124 adversa
1014 1058 1131 1139 legatis

170 1165 239 1228 suis
253 1174 312 1232 aut
322 1167 462 1231 fortuna
475 1168 648 1246 tribuant3
671 1176 792 1231 contra
807 1167 934 1246 Cesar,
948 1182 1018 1228 suae
1031 1163 1133 1226 nimi-

171 1289 252 1334 rum
262 1272 325 1335 sibi
334 1272 533 1353 praestantiae
550 1271 729 1352 conscius,
745 1271 863 1354 legatis
878 1271 991 1335 debita
1001 1270 1141 1351 persol-¹

166 1377 268 1440 rendi
281 1378 410 1440 nullam
428 1379 498 1441 scre
513 1378 730 1443 occasionem
744 1378 886 1444 omittit.

184 1509 189 1518 ·
210 1485 269 1564 lta,
284 1484 325 1545 ad
342 1484 588 1572 Vesontionem
606 1485 665 1568 (1),
690 1503 761 1566 quo
775 1492 933 1566 tempore
947 1485 1136 1564 imperator

168 1588 289 1652 dextro
310 1607 421 1652 cornu
444 1591 552 1654 estin
577 1591 774 1656 dimicando
790 1599 1005 1672 occupatus3
1027 1589 1134 1652 altero

166 1711 298 1772 cornu,
335 1694 496 1760 Germani
523 1713 667 1761 suorum
697 1698 921 1762 multitudine
943 1697 1133 1760 Romanam

167 1798 276 1862 aciem
297 1809 490 1883 premunt,
518 1821 641 1883 resque
665 1803 777 1868 omnis
801 1819 927 1884 magno
954 1802 988 1864 in
1004 1801 1135 1865 discri-

166 1903 261 1967 mine
273 1914 445 1970 versatur.
460 1907 560 1990 Quod
572 1909 704 1989 primus
717 1927 828 1989 quum
838 1907 1137 1970 animadvertisset

166 2009 200 2072 P.
219 2009 361 2074 Crassus
378 2011 575 2077 adolescens
597 2059 605 2094 ‚
623 2014 761 2077 tertiam
789 2013 919 2092 aciem,
942 2028 1046 2074 nemo
1073 2011 1136 2072 etsi

167 2114 318 2196 juberet,
336 2115 570 2180 laborantibus
585 2117 737 2182 subsidio
751 2117 855 2181 misit.
880 2116 956 2197 Qua
972 2113 1138 2200 peritissi-

168 2239 224 2286 ma
252 2224 479 2288 conversione
506 2225 611 2290 Caesar
625 2228 752 2290 latetur
768 2227 921 2308 praelium
938 2217 1139 2290 restitutum

172 2345 244 2392 esse
260 2334 365 2407 atque
383 2329 498 2393 hostes
509 2338 604 2414 terga
620 2332 773 2395 vertisse.
1132 2349 1138 2360 ·

160 2467 163 2482 ι
209 2433 302 2514 Quin
316 2441 352 2497 et
368 2435 471 2500 tertio
479 2435 817 2502 Commentariorum
829 2438 918 2500 libro
929 2457 1035 2518 penes
1050 2438 1141 2517 lega-

174 2548 292 2606 tosest
306 2542 527 2634 quasjomne
549 2543 629 2606 belli
643 2542 761 2605 decus.
791 2538 1005 2638 NamqueOS.
1036 2537 1141 2603 Galba

166 2647 339 2730 -Veragros
360 2655 395 2712 et
416 2650 601 2713 Nantuates
614 2647 732 2729 praelio
748 2652 909 2726 superat,
931 2643 971 2724 Q.
989 2641 1141 2706 Titurius

175 2756 319 2820 Unellos.
334 2749 423 2820 Tum
435 2756 469 2820 P.
489 2753 595 2820 Crassi
609 2751 735 2817 milites
751 2749 899 2834 perspici
909 2767 1019 2831 quum
1032 2766 1140 2829 cupe-

174 2870 252 2926 rent
264 2863 347 2944 qaid
357 2863 426 2924 sine
439 2862 640 2944 imperatore
660 2865 692 2922 et
703 2859 950 2922 adolescentulo
963 2856 1047 2919 duco
1068 2852 1139 2933 effi·

166 2955 394 3052 'core'possent
406 2967 463 3050 (2),
482 2965 640 3045 Sotiates,
655 2965 820 3043 Vocates‚
834 2963 1013 3025 Tarusates
1031 2959 1141 3040 pluri-

173 3075 240 3140 mis
247 3075 371 3157 praeliis
383 3075 510 3153 victos,
527 3078 688 3136 narrante
697 3069 772 3150 ipso
782 3074 816 3130 et
829 3069 977 3146 jactante
989 3064 1140 3142 Caesare,

168 3199 241 3246 una
268 3199 350 3246 cum
373 3179 544 3261 plerisque
563 3173 748 3255 Aquitaniae
779 3168 939 3253 populis:
957 3165 1140 3238 Tarbellis,

168 3286 447 3371 Bigerrionibus,
475 3281 645 3349 Precianis
667 3324 675 3358 ,
705 3277 919 3356 Elusatibus‚
947 3273 1141 3355 Garitibus,

173 3393 288 3461 lluscis
303 3438 312 3475 ,
330 3391 535 3473 Carmanis,
566 3388 798 3470 Sibuzatibus‚
822 3386 1042 3453 Cocosatibus
1070 3401 1142 3449 sese

175 3499 294 3590 Crasso
310 3499 436 3563 dedere
448 3497 653 3577 obsidesque
666 3494 803 3560 mittere
817 3500 958 3576 cogunt.
978 3491 1052 3572 lpse
1077 3489 1143 3551 im-

164 3589 334 3690 perator,
358 3589 536 3668 debellatis
551 3590 675 3667 navali
688 3600 805 3683 praelio
819 3596 973 3678 Venetis,
994 3593 1142 3661 Morinos

175 3712 292 3806 (unod
301 3705 686 3795 narrat)intempestire
698 3725 875 3792 aggressus
881 3751 891 3788 ,
904 3712 1049 3788 propter
1058 3720 1141 3768 eon-

216 3925 262 4005 (l)
278 3927 322 3984 De
343 3927 394 3984 tet.
409 3925 475 3983 Gat.
490 3928 524 3994 l,'
543 3925 591 3984 52.

220 4029 438 4110 (2)'lbt'd.'lll‚
455 4031 501 4112 21.
523 4049 526 4056 ⁴
634 4043 638 4052 ’
