<?xml version="1.0" encoding="UTF-8"?>
<!DOCTYPE html PUBLIC "-//W3C//DTD XHTML 1.0 Transitional//EN"
    "http://www.w3.org/TR/xhtml1/DTD/xhtml1-transitional.dtd">
<html xmlns="http://www.w3.org/1999/xhtml" xml:lang="en" lang="en">
 <head>
  <title>
</title>
<meta http-equiv="Content-Type" content="text/html;charset=utf-8" />
  <meta name='ocr-system' content='tesseract 3.04.00' />
  <meta name='ocr-capabilities' content='ocr_page ocr_carea ocr_par ocr_line ocrx_word'/>
</head>
<body>
  <div class='ocr_page' id='page_1' title='image "./decaesarereruma00henngoog_0050.png"; bbox 0 0 3062 5230; ppageno 0'>
   <div class='ocr_carea' id='block_1_1' title="bbox 549 515 710 577">
    <p class='ocr_par' dir='ltr' id='par_1_1' title="bbox 549 515 710 577">
     <span class='ocr_line' id='line_1_1' title="bbox 549 515 710 577; baseline 0.037 -21"><span class='ocrx_word' id='word_1_1' title='bbox 549 515 710 577; x_wconf 72' lang='lat'><em>..45-</em></span> 
     </span>
    </p>
   </div>
   <div class='ocr_carea' id='block_1_2' title="bbox 104 641 1135 2864">
    <p class='ocr_par' dir='ltr' id='par_1_2' title="bbox 144 641 1119 1475">
     <span class='ocr_line' id='line_1_2' title="bbox 182 641 1113 734; baseline -0.008 -24"><span class='ocrx_word' id='word_1_2' title='bbox 182 647 348 734; x_wconf 70' lang='lat' dir='ltr'><strong>Praeterea</strong></span> <span class='ocrx_word' id='word_1_3' title='bbox 370 649 457 724; x_wconf 86' lang='lat' dir='ltr'><strong>quot</strong></span> <span class='ocrx_word' id='word_1_4' title='bbox 471 650 507 706; x_wconf 90' lang='lat' dir='ltr'><strong>et</strong></span> <span class='ocrx_word' id='word_1_5' title='bbox 533 645 654 723; x_wconf 89' lang='lat' dir='ltr'><strong>quanti</strong></span> <span class='ocrx_word' id='word_1_6' title='bbox 675 644 722 707; x_wconf 88' lang='lat' dir='ltr'><strong>iiii</strong></span> <span class='ocrx_word' id='word_1_7' title='bbox 746 641 964 707; x_wconf 81' lang='lat' dir='ltr'><strong>obsidentes!</strong></span> <span class='ocrx_word' id='word_1_8' title='bbox 982 641 1113 723; x_wconf 86' lang='lat' dir='ltr'>Nempe</span> 
     </span>
     <span class='ocr_line' id='line_1_3' title="bbox 144 747 1116 833; baseline -0.006 -16"><span class='ocrx_word' id='word_1_9' title='bbox 144 753 207 833; x_wconf 86' lang='lat' dir='ltr'><strong>qui</strong></span> <span class='ocrx_word' id='word_1_10' title='bbox 228 750 387 816; x_wconf 87' lang='lat' dir='ltr'><strong>omnium</strong></span> <span class='ocrx_word' id='word_1_11' title='bbox 410 752 703 828; x_wconf 72' lang='lat' dir='ltr'><strong>ferramentorum</strong></span> <span class='ocrx_word' id='word_1_12' title='bbox 729 748 828 831; x_wconf 91' lang='lat' dir='ltr'><strong>copia</strong></span> <span class='ocrx_word' id='word_1_13' title='bbox 860 747 1016 812; x_wconf 89' lang='lat' dir='ltr'><strong>destituti</strong></span> <span class='ocrx_word' id='word_1_14' title='bbox 1040 765 1116 827; x_wconf 84' lang='lat' dir='ltr'><strong>quae</strong></span> 
     </span>
     <span class='ocr_line' id='line_1_4' title="bbox 144 854 1117 942; baseline -0.005 -20"><span class='ocrx_word' id='word_1_15' title='bbox 144 857 284 922; x_wconf 89' lang='lat' dir='ltr'><strong>suntad</strong></span> <span class='ocrx_word' id='word_1_16' title='bbox 303 858 396 924; x_wconf 91' lang='lat' dir='ltr'><strong>hune</strong></span> <span class='ocrx_word' id='word_1_17' title='bbox 408 873 513 924; x_wconf 88' lang='lat' dir='ltr'><strong>usum</strong></span> <span class='ocrx_word' id='word_1_18' title='bbox 533 858 677 937; x_wconf 88' lang='lat' dir='ltr'><strong>idonea,</strong></span> <span class='ocrx_word' id='word_1_19' title='bbox 712 857 832 942; x_wconf 82' lang='lat' dir='ltr'>gladiis</span> <span class='ocrx_word' id='word_1_20' title='bbox 857 856 1026 939; x_wconf 84' lang='lat' dir='ltr'>cespitem</span> <span class='ocrx_word' id='word_1_21' title='bbox 1052 854 1117 918; x_wconf 92' lang='lat' dir='ltr'><strong>cir-</strong></span> 
     </span>
     <span class='ocr_line' id='line_1_5' title="bbox 146 962 1118 1050; baseline -0.008 -18"><span class='ocrx_word' id='word_1_22' title='bbox 146 967 396 1045; x_wconf 86' lang='lat' dir='ltr'><strong>cumcidentes,</strong></span> <span class='ocrx_word' id='word_1_23' title='bbox 406 965 566 1032; x_wconf 87' lang='lat' dir='ltr'><strong>manibus</strong></span> <span class='ocrx_word' id='word_1_24' title='bbox 573 967 765 1050; x_wconf 86' lang='lat' dir='ltr'><strong>sagulisque</strong></span> <span class='ocrx_word' id='word_1_25' title='bbox 778 974 906 1030; x_wconf 88' lang='lat' dir='ltr'><strong>terram</strong></span> <span class='ocrx_word' id='word_1_26' title='bbox 918 962 1118 1028; x_wconf 84' lang='lat' dir='ltr'><strong>exhaurien-</strong></span> 
     </span>
     <span class='ocr_line' id='line_1_6' title="bbox 148 1071 1118 1156; baseline -0.005 -17"><span class='ocrx_word' id='word_1_27' title='bbox 148 1083 209 1155; x_wconf 91' lang='lat' dir='ltr'><strong>tes,</strong></span> <span class='ocrx_word' id='word_1_28' title='bbox 230 1073 349 1139; x_wconf 89' lang='lat' dir='ltr'><strong>minus</strong></span> <span class='ocrx_word' id='word_1_29' title='bbox 366 1072 458 1137; x_wconf 89' lang='lat' dir='ltr'><strong>horis</strong></span> <span class='ocrx_word' id='word_1_30' title='bbox 469 1073 579 1139; x_wconf 89' lang='lat' dir='ltr'><strong>tribus</strong></span> <span class='ocrx_word' id='word_1_31' title='bbox 603 1072 696 1156; x_wconf 90' lang='lat' dir='ltr'><strong>(quo</strong></span> <span class='ocrx_word' id='word_1_32' title='bbox 711 1072 768 1136; x_wconf 83' lang='lat' dir='ltr'><strong>vix</strong></span> <span class='ocrx_word' id='word_1_33' title='bbox 784 1076 896 1155; x_wconf 82' lang='lat' dir='ltr'><strong>majus</strong></span> <span class='ocrx_word' id='word_1_34' title='bbox 909 1071 1041 1153; x_wconf 88' lang='lat' dir='ltr'><strong>aliquid</strong></span> <span class='ocrx_word' id='word_1_35' title='bbox 1053 1088 1118 1135; x_wconf 87' lang='lat' dir='ltr'><strong>eo·</strong></span> 
     </span>
     <span class='ocr_line' id='line_1_7' title="bbox 149 1177 1119 1262; baseline -0.006 -18"><span class='ocrx_word' id='word_1_36' title='bbox 149 1181 251 1261; x_wconf 83' lang='lat' dir='ltr'><strong>gitari</strong></span> <span class='ocrx_word' id='word_1_37' title='bbox 265 1179 375 1262; x_wconf 82' lang='lat' dir='ltr'>possit</span> <span class='ocrx_word' id='word_1_38' title='bbox 385 1180 412 1260; x_wconf 85' lang='lat'><strong>),</strong></span> <span class='ocrx_word' id='word_1_39' title='bbox 427 1180 556 1243; x_wconf 85' lang='lat' dir='ltr'><strong>ratium</strong></span> <span class='ocrx_word' id='word_1_40' title='bbox 571 1179 702 1261; x_wconf 89' lang='lat' dir='ltr'><strong>pedum</strong></span> <span class='ocrx_word' id='word_1_41' title='bbox 718 1180 758 1242; x_wconf 84' lang='lat' dir='ltr'><strong>xt</strong></span> <span class='ocrx_word' id='word_1_42' title='bbox 771 1223 779 1257; x_wconf 93' lang='lat'><strong>,</strong></span> <span class='ocrx_word' id='word_1_43' title='bbox 793 1185 829 1242; x_wconf 88' lang='lat' dir='ltr'><strong>et</strong></span> <span class='ocrx_word' id='word_1_44' title='bbox 845 1178 973 1242; x_wconf 87' lang='lat' dir='ltr'><strong>fossam</strong></span> <span class='ocrx_word' id='word_1_45' title='bbox 987 1177 1119 1259; x_wconf 91' lang='lat' dir='ltr'><strong>pedum</strong></span> 
     </span>
     <span class='ocr_line' id='line_1_8' title="bbox 151 1281 1119 1366; baseline 0 -22"><span class='ocrx_word' id='word_1_46' title='bbox 151 1283 218 1361; x_wconf 73' lang='lat' dir='ltr'><strong>XV,</strong></span> <span class='ocrx_word' id='word_1_47' title='bbox 234 1281 380 1348; x_wconf 83' lang='lat' dir='ltr'><strong>millium</strong></span> <span class='ocrx_word' id='word_1_48' title='bbox 392 1301 556 1364; x_wconf 82' lang='lat' dir='ltr'><strong>passuum</strong></span> <span class='ocrx_word' id='word_1_49' title='bbox 568 1286 621 1350; x_wconf 86' lang='lat' dir='ltr'><strong>XV</strong></span> <span class='ocrx_word' id='word_1_50' title='bbox 642 1285 678 1350; x_wconf 90' lang='lat' dir='ltr'><strong>in</strong></span> <span class='ocrx_word' id='word_1_51' title='bbox 694 1285 880 1350; x_wconf 90' lang='lat' dir='ltr'><strong>circuitum</strong></span> <span class='ocrx_word' id='word_1_52' title='bbox 894 1283 1119 1366; x_wconf 79' lang='lat' dir='ltr'><strong>perfecerint,</strong></span> 
     </span>
     <span class='ocr_line' id='line_1_9' title="bbox 153 1387 872 1475; baseline 0 -25"><span class='ocrx_word' id='word_1_53' title='bbox 153 1387 300 1452; x_wconf 83' lang='lat' dir='ltr'><strong>hiberna</strong></span> <span class='ocrx_word' id='word_1_54' title='bbox 315 1390 547 1455; x_wconf 83' lang='lat' dir='ltr'><strong>Romanorum</strong></span> <span class='ocrx_word' id='word_1_55' title='bbox 567 1397 608 1454; x_wconf 91' lang='lat' dir='ltr'><strong>ut</strong></span> <span class='ocrx_word' id='word_1_56' title='bbox 621 1391 798 1475; x_wconf 75' lang='lat' dir='ltr'><strong>cingerent</strong></span> <span class='ocrx_word' id='word_1_57' title='bbox 813 1389 872 1472; x_wconf 80' lang='lat'><em>(1).</em></span> 
     </span>
    </p>

    <p class='ocr_par' dir='ltr' id='par_1_3' title="bbox 104 1496 1132 2644">
     <span class='ocr_line' id='line_1_10' title="bbox 196 1496 1121 1578; baseline 0 -19"><span class='ocrx_word' id='word_1_58' title='bbox 196 1496 301 1560; x_wconf 88' lang='lat' dir='ltr'><strong>Etiam</strong></span> <span class='ocrx_word' id='word_1_59' title='bbox 314 1515 422 1578; x_wconf 91' lang='lat' dir='ltr'><strong>quum</strong></span> <span class='ocrx_word' id='word_1_60' title='bbox 442 1498 611 1564; x_wconf 84' lang='lat' dir='ltr'><strong>acerrime</strong></span> <span class='ocrx_word' id='word_1_61' title='bbox 626 1501 715 1565; x_wconf 91' lang='lat' dir='ltr'><strong>duos</strong></span> <span class='ocrx_word' id='word_1_62' title='bbox 733 1499 823 1565; x_wconf 90' lang='lat' dir='ltr'><strong>inter</strong></span> <span class='ocrx_word' id='word_1_63' title='bbox 838 1501 1009 1565; x_wconf 85' lang='lat' dir='ltr'><strong>Romanos</strong></span> <span class='ocrx_word' id='word_1_64' title='bbox 1023 1515 1121 1561; x_wconf 83' lang='lat' dir='ltr'><strong>exer-</strong></span> 
     </span>
     <span class='ocr_line' id='line_1_11' title="bbox 155 1601 1125 1688; baseline 0.005 -25"><span class='ocrx_word' id='word_1_65' title='bbox 155 1601 241 1664; x_wconf 86' lang='lat' dir='ltr'><strong>eitus</strong></span> <span class='ocrx_word' id='word_1_66' title='bbox 265 1609 460 1685; x_wconf 87' lang='lat' dir='ltr'><strong>pugnatum</strong></span> <span class='ocrx_word' id='word_1_67' title='bbox 482 1611 587 1686; x_wconf 89' lang='lat' dir='ltr'><strong>esset,</strong></span> <span class='ocrx_word' id='word_1_68' title='bbox 610 1613 645 1668; x_wconf 91' lang='lat' dir='ltr'><strong>et</strong></span> <span class='ocrx_word' id='word_1_69' title='bbox 665 1605 783 1688; x_wconf 79' lang='lat' dir='ltr'><strong>Cesar,</strong></span> <span class='ocrx_word' id='word_1_70' title='bbox 802 1622 884 1671; x_wconf 90' lang='lat' dir='ltr'><strong>suos</strong></span> <span class='ocrx_word' id='word_1_71' title='bbox 906 1603 1028 1685; x_wconf 88' lang='lat' dir='ltr'><strong>iniquo</strong></span> <span class='ocrx_word' id='word_1_72' title='bbox 1045 1603 1125 1668; x_wconf 87' lang='lat' dir='ltr'><strong>loco</strong></span> 
     </span>
     <span class='ocr_line' id='line_1_12' title="bbox 152 1706 1126 1795; baseline 0.005 -26"><span class='ocrx_word' id='word_1_73' title='bbox 152 1706 265 1787; x_wconf 89' lang='lat' dir='ltr'><strong>premi</strong></span> <span class='ocrx_word' id='word_1_74' title='bbox 275 1709 547 1792; x_wconf 82' lang='lat' dir='ltr'><strong>quumvidisset,</strong></span> <span class='ocrx_word' id='word_1_75' title='bbox 564 1712 717 1793; x_wconf 88' lang='lat' dir='ltr'><strong>receptui</strong></span> <span class='ocrx_word' id='word_1_76' title='bbox 728 1730 851 1778; x_wconf 90' lang='lat' dir='ltr'><strong>canere</strong></span> <span class='ocrx_word' id='word_1_77' title='bbox 862 1712 1032 1795; x_wconf 75' lang='lat' dir='ltr'><strong>jussisset,</strong></span> <span class='ocrx_word' id='word_1_78' title='bbox 1049 1710 1126 1793; x_wconf 89' lang='lat' dir='ltr'><strong>quis</strong></span> 
     </span>
     <span class='ocr_line' id='line_1_13' title="bbox 104 1815 1124 1899; baseline -0.001 -19"><span class='ocrx_word' id='word_1_79' title='bbox 104 1873 108 1880; x_wconf 93' lang='lat'>.</span> <span class='ocrx_word' id='word_1_80' title='bbox 153 1815 272 1878; x_wconf 90' lang='lat' dir='ltr'><strong>eredat</strong></span> <span class='ocrx_word' id='word_1_81' title='bbox 290 1833 374 1879; x_wconf 89' lang='lat' dir='ltr'><strong>eum</strong></span> <span class='ocrx_word' id='word_1_82' title='bbox 397 1817 506 1880; x_wconf 89' lang='lat' dir='ltr'><strong>esuis</strong></span> <span class='ocrx_word' id='word_1_83' title='bbox 524 1818 679 1898; x_wconf 89' lang='lat' dir='ltr'><strong>quinque</strong></span> <span class='ocrx_word' id='word_1_84' title='bbox 702 1818 846 1884; x_wconf 90' lang='lat' dir='ltr'><strong>omniuo</strong></span> <span class='ocrx_word' id='word_1_85' title='bbox 873 1817 1025 1882; x_wconf 90' lang='lat' dir='ltr'><strong>amisisse</strong></span> <span class='ocrx_word' id='word_1_86' title='bbox 1050 1815 1124 1899; x_wconf 74' lang='lat' dir='ltr'><strong>(2)t</strong></span> 
     </span>
     <span class='ocr_line' id='line_1_14' title="bbox 153 1923 1129 2007; baseline 0.003 -23"><span class='ocrx_word' id='word_1_87' title='bbox 153 1923 258 1998; x_wconf 85' lang='lat' dir='ltr'><strong>Tum,</strong></span> <span class='ocrx_word' id='word_1_88' title='bbox 281 1939 351 1990; x_wconf 90' lang='lat' dir='ltr'><strong>una</strong></span> <span class='ocrx_word' id='word_1_89' title='bbox 366 1923 491 1987; x_wconf 82' lang='lat' dir='ltr'><strong>dieser</strong></span> <span class='ocrx_word' id='word_1_90' title='bbox 507 1923 630 2004; x_wconf 85' lang='lat' dir='ltr'><strong>praeliis</strong></span> <span class='ocrx_word' id='word_1_91' title='bbox 642 1925 751 2006; x_wconf 85' lang='lat' dir='ltr'><strong>factis,</strong></span> <span class='ocrx_word' id='word_1_92' title='bbox 764 1924 808 1988; x_wconf 89' lang='lat' dir='ltr'><strong>ad</strong></span> <span class='ocrx_word' id='word_1_93' title='bbox 825 1923 1054 2007; x_wconf 85' lang='lat' dir='ltr'><strong>Dyrrachium</strong></span> <span class='ocrx_word' id='word_1_94' title='bbox 1072 1925 1129 1987; x_wconf 74' lang='lat' dir='ltr'><strong>tri«</strong></span> 
     </span>
     <span class='ocr_line' id='line_1_15' title="bbox 155 2029 1127 2122; baseline 0.001 -31"><span class='ocrx_word' id='word_1_95' title='bbox 155 2030 235 2107; x_wconf 85' lang='lat' dir='ltr'><strong>hus,</strong></span> <span class='ocrx_word' id='word_1_96' title='bbox 256 2029 367 2094; x_wconf 89' lang='lat' dir='ltr'><strong>tribus</strong></span> <span class='ocrx_word' id='word_1_97' title='bbox 386 2029 428 2092; x_wconf 90' lang='lat' dir='ltr'><strong>ad</strong></span> <span class='ocrx_word' id='word_1_98' title='bbox 451 2030 681 2112; x_wconf 75' lang='lat' dir='ltr'><strong>munitiones,</strong></span> <span class='ocrx_word' id='word_1_99' title='bbox 698 2049 809 2122; x_wconf 90' lang='lat' dir='ltr'><strong>quum</strong></span> <span class='ocrx_word' id='word_1_100' title='bbox 829 2048 902 2095; x_wconf 91' lang='lat' dir='ltr'><strong>uuo</strong></span> <span class='ocrx_word' id='word_1_101' title='bbox 928 2030 963 2093; x_wconf 90' lang='lat' dir='ltr'><strong>in</strong></span> <span class='ocrx_word' id='word_1_102' title='bbox 988 2029 1127 2104; x_wconf 87' lang='lat' dir='ltr'><strong>castello</strong></span> 
     </span>
     <span class='ocr_line' id='line_1_16' title="bbox 155 2133 1129 2222; baseline 0.006 -25"><span class='ocrx_word' id='word_1_103' title='bbox 155 2133 360 2218; x_wconf 87' lang='lat' dir='ltr'><strong>sagittarum</strong></span> <span class='ocrx_word' id='word_1_104' title='bbox 370 2137 448 2199; x_wconf 82' lang='lat' dir='ltr'><strong>XXX</strong></span> <span class='ocrx_word' id='word_1_105' title='bbox 458 2137 563 2202; x_wconf 90' lang='lat' dir='ltr'><strong>miliia</strong></span> <span class='ocrx_word' id='word_1_106' title='bbox 576 2142 872 2222; x_wconf 83' lang='lat' dir='ltr'><strong>conjectaesseut,</strong></span> <span class='ocrx_word' id='word_1_107' title='bbox 890 2155 962 2203; x_wconf 94' lang='lat' dir='ltr'><strong>uno</strong></span> <span class='ocrx_word' id='word_1_108' title='bbox 977 2137 1011 2199; x_wconf 91' lang='lat' dir='ltr'><strong>iu</strong></span> <span class='ocrx_word' id='word_1_109' title='bbox 1030 2145 1129 2204; x_wconf 91' lang='lat' dir='ltr'><strong>scuto</strong></span> 
     </span>
     <span class='ocr_line' id='line_1_17' title="bbox 156 2242 1128 2325; baseline 0 -19"><span class='ocrx_word' id='word_1_110' title='bbox 156 2242 279 2306; x_wconf 77' lang='lat' dir='ltr'><strong>Scaevae</strong></span> <span class='ocrx_word' id='word_1_111' title='bbox 300 2243 514 2307; x_wconf 86' lang='lat' dir='ltr'><strong>centurionis</strong></span> <span class='ocrx_word' id='word_1_112' title='bbox 533 2245 702 2310; x_wconf 82' lang='lat' dir='ltr'><strong>foramina</strong></span> <span class='ocrx_word' id='word_1_113' title='bbox 720 2245 797 2311; x_wconf 84' lang='lat' dir='ltr'><strong>CXX</strong></span> <span class='ocrx_word' id='word_1_114' title='bbox 816 2245 954 2309; x_wconf 89' lang='lat' dir='ltr'><strong>inventa</strong></span> <span class='ocrx_word' id='word_1_115' title='bbox 980 2243 1128 2325; x_wconf 78' lang='lat' dir='ltr'><strong>fuerint,</strong></span> 
     </span>
     <span class='ocr_line' id='line_1_18' title="bbox 156 2343 1131 2432; baseline -0.002 -20"><span class='ocrx_word' id='word_1_116' title='bbox 156 2366 273 2413; x_wconf 90' lang='lat' dir='ltr'><strong>nonne</strong></span> <span class='ocrx_word' id='word_1_117' title='bbox 289 2366 432 2412; x_wconf 91' lang='lat' dir='ltr'><strong>ornnem</strong></span> <span class='ocrx_word' id='word_1_118' title='bbox 442 2359 628 2432; x_wconf 86' lang='lat' dir='ltr'><strong>exsuperat</strong></span> <span class='ocrx_word' id='word_1_119' title='bbox 641 2351 762 2431; x_wconf 87' lang='lat' dir='ltr'><strong>iidem,</strong></span> <span class='ocrx_word' id='word_1_120' title='bbox 787 2370 805 2415; x_wconf 90' lang='lat' dir='ltr'><strong>e</strong></span> <span class='ocrx_word' id='word_1_121' title='bbox 819 2347 1033 2430; x_wconf 86' lang='lat' dir='ltr'><strong>Pompeianis</strong></span> <span class='ocrx_word' id='word_1_122' title='bbox 1047 2343 1060 2431; x_wconf 86' lang='lat'><em>(</em></span> <span class='ocrx_word' id='word_1_123' title='bbox 1071 2346 1131 2430; x_wconf 90' lang='lat' dir='ltr'><strong>qui</strong></span> 
     </span>
     <span class='ocr_line' id='line_1_19' title="bbox 157 2452 1132 2536; baseline 0.001 -21"><span class='ocrx_word' id='word_1_124' title='bbox 157 2452 461 2536; x_wconf 83' lang='lat' dir='ltr'><strong>aggrediebantur)</strong></span> <span class='ocrx_word' id='word_1_125' title='bbox 475 2454 546 2520; x_wconf 92' lang='lat' dir='ltr'><strong>duo</strong></span> <span class='ocrx_word' id='word_1_126' title='bbox 561 2455 669 2520; x_wconf 85' lang='lat' dir='ltr'><strong>miliia</strong></span> <span class='ocrx_word' id='word_1_127' title='bbox 685 2474 795 2536; x_wconf 88' lang='lat' dir='ltr'><strong>quum</strong></span> <span class='ocrx_word' id='word_1_128' title='bbox 813 2453 1014 2532; x_wconf 86' lang='lat' dir='ltr'><strong>ceciderint,</strong></span> <span class='ocrx_word' id='word_1_129' title='bbox 1029 2453 1132 2516; x_wconf 87' lang='lat' dir='ltr'><strong>Caesa·</strong></span> 
     </span>
     <span class='ocr_line' id='line_1_20' title="bbox 159 2557 1063 2644; baseline 0.001 -18"><span class='ocrx_word' id='word_1_130' title='bbox 159 2559 272 2626; x_wconf 81' lang='lat' dir='ltr'><strong>riauos</strong></span> <span class='ocrx_word' id='word_1_131' title='bbox 281 2561 408 2644; x_wconf 82' lang='lat' dir='ltr'><strong>vigenti</strong></span> <span class='ocrx_word' id='word_1_132' title='bbox 421 2561 566 2640; x_wconf 88' lang='lat' dir='ltr'><strong>omnino</strong></span> <span class='ocrx_word' id='word_1_133' title='bbox 576 2561 788 2624; x_wconf 87' lang='lat' dir='ltr'><strong>desideratos</strong></span> <span class='ocrx_word' id='word_1_134' title='bbox 799 2577 872 2625; x_wconf 89' lang='lat' dir='ltr'><strong>esse</strong></span> <span class='ocrx_word' id='word_1_135' title='bbox 889 2557 961 2642; x_wconf 78' lang='lat' dir='ltr'><strong>(3)r</strong></span> <span class='ocrx_word' id='word_1_136' title='bbox 1057 2621 1063 2627; x_wconf 86' lang='lat'>.</span> 
     </span>
    </p>

    <p class='ocr_par' dir='ltr' id='par_1_4' title="bbox 160 2663 1135 2864">
     <span class='ocr_line' id='line_1_21' title="bbox 200 2663 1133 2748; baseline -0.002 -18"><span class='ocrx_word' id='word_1_137' title='bbox 200 2667 315 2731; x_wconf 89' lang='lat' dir='ltr'><strong>Unum</strong></span> <span class='ocrx_word' id='word_1_138' title='bbox 342 2668 467 2731; x_wconf 86' lang='lat' dir='ltr'><strong>addam</strong></span> <span class='ocrx_word' id='word_1_139' title='bbox 489 2683 560 2748; x_wconf 87' lang='lat' dir='ltr'><strong>quo</strong></span> <span class='ocrx_word' id='word_1_140' title='bbox 585 2667 778 2748; x_wconf 82' lang='lat' dir='ltr'><strong>jactationis</strong></span> <span class='ocrx_word' id='word_1_141' title='bbox 802 2673 837 2732; x_wconf 89' lang='lat' dir='ltr'><strong>et</strong></span> <span class='ocrx_word' id='word_1_142' title='bbox 855 2663 1133 2748; x_wconf 84' lang='lat' dir='ltr'><strong>amplificationis</strong></span> 
     </span>
     <span class='ocr_line' id='line_1_22' title="bbox 160 2773 1135 2864; baseline -0.006 -24"><span class='ocrx_word' id='word_1_143' title='bbox 160 2775 262 2862; x_wconf 85' lang='lat' dir='ltr'><strong>quasi</strong></span> <span class='ocrx_word' id='word_1_144' title='bbox 283 2774 506 2864; x_wconf 83' lang='lat' dir='ltr'><strong>confitentem</strong></span> <span class='ocrx_word' id='word_1_145' title='bbox 530 2791 630 2839; x_wconf 90' lang='lat' dir='ltr'><strong>reum</strong></span> <span class='ocrx_word' id='word_1_146' title='bbox 646 2775 811 2840; x_wconf 83' lang='lat' dir='ltr'><strong>Caesarem</strong></span> <span class='ocrx_word' id='word_1_147' title='bbox 837 2774 1020 2838; x_wconf 88' lang='lat' dir='ltr'><strong>habemus.</strong></span> <span class='ocrx_word' id='word_1_148' title='bbox 1045 2773 1135 2835; x_wconf 87' lang='lat' dir='ltr'><strong>Duas</strong></span> 
     </span>
    </p>
   </div>
   <div class='ocr_carea' id='block_1_3' title="bbox 205 3089 1135 3183">
    <p class='ocr_par' dir='ltr' id='par_1_5' title="bbox 205 3089 1135 3183">
     <span class='ocr_line' id='line_1_23' title="bbox 205 3089 1135 3183; baseline -0.013 -23"><span class='ocrx_word' id='word_1_149' title='bbox 205 3101 250 3183; x_wconf 82' lang='lat' dir='ltr'><strong>(i)</strong></span> <span class='ocrx_word' id='word_1_150' title='bbox 267 3105 335 3162; x_wconf 87' lang='lat' dir='ltr'><strong>Hoc</strong></span> <span class='ocrx_word' id='word_1_151' title='bbox 349 3098 524 3161; x_wconf 88' lang='lat' dir='ltr'><strong>notandum</strong></span> <span class='ocrx_word' id='word_1_152' title='bbox 538 3098 695 3156; x_wconf 87' lang='lat' dir='ltr'><strong>Caesarem</strong></span> <span class='ocrx_word' id='word_1_153' title='bbox 711 3097 742 3150; x_wconf 86' lang='lat' dir='ltr'><strong>in</strong></span> <span class='ocrx_word' id='word_1_154' title='bbox 759 3094 906 3152; x_wconf 89' lang='lat' dir='ltr'><strong>Helvetiis</strong></span> <span class='ocrx_word' id='word_1_155' title='bbox 922 3090 1038 3148; x_wconf 82' lang='lat' dir='ltr'><strong>tinibus</strong></span> <span class='ocrx_word' id='word_1_156' title='bbox 1052 3089 1135 3148; x_wconf 88' lang='lat' dir='ltr'><strong>idem</strong></span> 
     </span>
    </p>
   </div>
   <div class='ocr_carea' id='block_1_4' title="bbox 164 3197 1134 3381">
    <p class='ocr_par' dir='ltr' id='par_1_6' title="bbox 164 3197 1134 3381">
     <span class='ocr_line' id='line_1_24' title="bbox 164 3197 1134 3287; baseline -0.015 -21"><span class='ocrx_word' id='word_1_157' title='bbox 164 3226 241 3287; x_wconf 91' lang='lat' dir='ltr'><strong>opus</strong></span> <span class='ocrx_word' id='word_1_158' title='bbox 262 3217 298 3264; x_wconf 84' lang='lat' dir='ltr'><strong>ut</strong></span> <span class='ocrx_word' id='word_1_159' title='bbox 320 3207 489 3266; x_wconf 88' lang='lat' dir='ltr'><strong>absolveret</strong></span> <span class='ocrx_word' id='word_1_160' title='bbox 510 3205 620 3262; x_wconf 88' lang='lat' dir='ltr'><strong>decem</strong></span> <span class='ocrx_word' id='word_1_161' title='bbox 645 3203 781 3276; x_wconf 88' lang='lat' dir='ltr'><strong>integros</strong></span> <span class='ocrx_word' id='word_1_162' title='bbox 803 3198 868 3256; x_wconf 91' lang='lat' dir='ltr'><strong>dies</strong></span> <span class='ocrx_word' id='word_1_163' title='bbox 891 3197 1134 3273; x_wconf 85' lang='lat' dir='ltr'><strong>consumpsisse.</strong></span> 
     </span>
     <span class='ocr_line' id='line_1_25' title="bbox 770 3298 1075 3381; baseline -0.007 -21"><span class='ocrx_word' id='word_1_164' title='bbox 770 3302 909 3381; x_wconf 78' lang='lat' dir='ltr'><strong>(Debet.</strong></span> <span class='ocrx_word' id='word_1_165' title='bbox 931 3301 997 3358; x_wconf 77' lang='lat' dir='ltr'><strong>Gal.</strong></span> <span class='ocrx_word' id='word_1_166' title='bbox 1016 3301 1045 3359; x_wconf 88' lang='grc'><strong>8.</strong></span> <span class='ocrx_word' id='word_1_167' title='bbox 1064 3298 1075 3378; x_wconf 85' lang='grc'>)</span> 
     </span>
    </p>
   </div>
   <div class='ocr_carea' id='block_1_5' title="bbox 167 3409 1141 4008">
    <p class='ocr_par' dir='ltr' id='par_1_7' title="bbox 167 3409 1140 3810">
     <span class='ocr_line' id='line_1_26' title="bbox 207 3409 1137 3494; baseline -0.015 -18"><span class='ocrx_word' id='word_1_168' title='bbox 207 3414 253 3494; x_wconf 76' lang='lat'><strong>(2)</strong></span> <span class='ocrx_word' id='word_1_169' title='bbox 268 3416 312 3474; x_wconf 82' lang='lat' dir='ltr'><strong>De</strong></span> <span class='ocrx_word' id='word_1_170' title='bbox 327 3415 378 3472; x_wconf 80' lang='lat' dir='ltr'><strong>bet.</strong></span> <span class='ocrx_word' id='word_1_171' title='bbox 399 3415 448 3472; x_wconf 81' lang='lat' dir='ltr'><strong>cie.</strong></span> <span class='ocrx_word' id='word_1_172' title='bbox 465 3412 591 3486; x_wconf 85' lang='lat' dir='ltr'><strong>111,t6.</strong></span> <span class='ocrx_word' id='word_1_173' title='bbox 606 3444 645 3454; x_wconf 94' lang='lat'>-</span> <span class='ocrx_word' id='word_1_174' title='bbox 658 3412 712 3483; x_wconf 82' lang='lat' dir='ltr'><strong>tt,</strong></span> <span class='ocrx_word' id='word_1_175' title='bbox 724 3418 801 3468; x_wconf 87' lang='lat' dir='ltr'><strong>teste</strong></span> <span class='ocrx_word' id='word_1_176' title='bbox 815 3410 949 3480; x_wconf 82' lang='lat' dir='ltr'><strong>Caesaro,</strong></span> <span class='ocrx_word' id='word_1_177' title='bbox 971 3409 1137 3484; x_wconf 86' lang='lat' dir='ltr'><strong>Pompeius</strong></span> 
     </span>
     <span class='ocr_line' id='line_1_27' title="bbox 167 3514 1140 3596; baseline -0.015 -15"><span class='ocrx_word' id='word_1_178' title='bbox 167 3521 303 3582; x_wconf 85' lang='lat' dir='ltr'><strong>dixerat:</strong></span> <span class='ocrx_word' id='word_1_179' title='bbox 327 3543 341 3574; x_wconf 76' lang='lat' dir='ltr'><strong>n</strong></span> <span class='ocrx_word' id='word_1_180' title='bbox 359 3522 428 3579; x_wconf 87' lang='lat' dir='ltr'><strong>Non</strong></span> <span class='ocrx_word' id='word_1_181' title='bbox 446 3535 589 3576; x_wconf 88' lang='lat' dir='ltr'><strong>recusare</strong></span> <span class='ocrx_word' id='word_1_182' title='bbox 600 3533 632 3596; x_wconf 74' lang='lat' dir='ltr'><strong>se</strong></span> <span class='ocrx_word' id='word_1_183' title='bbox 648 3516 724 3594; x_wconf 91' lang='lat' dir='ltr'><strong>quin</strong></span> <span class='ocrx_word' id='word_1_184' title='bbox 746 3516 864 3573; x_wconf 91' lang='lat' dir='ltr'><strong>nullius</strong></span> <span class='ocrx_word' id='word_1_185' title='bbox 879 3531 953 3574; x_wconf 92' lang='lat' dir='ltr'><strong>usus</strong></span> <span class='ocrx_word' id='word_1_186' title='bbox 969 3514 1140 3590; x_wconf 86' lang='lat' dir='ltr'><strong>imperator</strong></span> 
     </span>
     <span class='ocr_line' id='line_1_28' title="bbox 167 3613 1140 3699; baseline -0.017 -13"><span class='ocrx_word' id='word_1_187' title='bbox 167 3625 352 3699; x_wconf 82' lang='lat' dir='ltr'><strong>haberetur,</strong></span> <span class='ocrx_word' id='word_1_188' title='bbox 369 3626 394 3684; x_wconf 84' lang='lat' dir='ltr'><strong>si</strong></span> <span class='ocrx_word' id='word_1_189' title='bbox 409 3625 475 3682; x_wconf 89' lang='lat' dir='ltr'><strong>sine</strong></span> <span class='ocrx_word' id='word_1_190' title='bbox 495 3622 634 3680; x_wconf 84' lang='lat' dir='ltr'><strong>maximo</strong></span> <span class='ocrx_word' id='word_1_191' title='bbox 650 3621 837 3679; x_wconf 90' lang='lat' dir='ltr'><strong>detrimento</strong></span> <span class='ocrx_word' id='word_1_192' title='bbox 850 3616 987 3692; x_wconf 87' lang='lat' dir='ltr'><strong>legiones</strong></span> <span class='ocrx_word' id='word_1_193' title='bbox 1011 3613 1140 3674; x_wconf 71' lang='lat' dir='ltr'><strong>Caesaris</strong></span> 
     </span>
     <span class='ocr_line' id='line_1_29' title="bbox 167 3729 1135 3810; baseline -0.021 -20"><span class='ocrx_word' id='word_1_194' title='bbox 167 3750 233 3790; x_wconf 86' lang='lat' dir='ltr'><strong>sese</strong></span> <span class='ocrx_word' id='word_1_195' title='bbox 257 3732 445 3810; x_wconf 86' lang='lat' dir='ltr'><strong>recepissent</strong></span> <span class='ocrx_word' id='word_1_196' title='bbox 470 3729 628 3808; x_wconf 89' lang='lat' dir='ltr'><strong>indeque</strong></span> <span class='ocrx_word' id='word_1_197' title='bbox 659 3734 778 3784; x_wconf 89' lang='lat' dir='ltr'><strong>temere</strong></span> <span class='ocrx_word' id='word_1_198' title='bbox 804 3729 907 3781; x_wconf 85' lang='lat' dir='ltr'><strong>essent</strong></span> <span class='ocrx_word' id='word_1_199' title='bbox 925 3735 1135 3799; x_wconf 79' lang='lat' dir='ltr'><strong>progressae.»</strong></span> 
     </span>
    </p>

    <p class='ocr_par' dir='ltr' id='par_1_8' title="bbox 170 3830 1141 4008">
     <span class='ocr_line' id='line_1_30' title="bbox 210 3830 1141 3918; baseline -0.019 -17"><span class='ocrx_word' id='word_1_200' title='bbox 210 3834 304 3918; x_wconf 72' lang='lat' dir='ltr'><strong>(ibid.</strong></span> <span class='ocrx_word' id='word_1_201' title='bbox 320 3879 330 3911; x_wconf 84' lang='lat'><strong>,</strong></span> <span class='ocrx_word' id='word_1_202' title='bbox 348 3836 413 3895; x_wconf 84' lang='lat' dir='ltr'><strong>ibid.</strong></span> <span class='ocrx_word' id='word_1_203' title='bbox 427 3877 436 3908; x_wconf 91' lang='lat'><strong>,</strong></span> <span class='ocrx_word' id='word_1_204' title='bbox 449 3835 497 3896; x_wconf 76' lang='lat' dir='ltr'><strong>ts.</strong></span> <span class='ocrx_word' id='word_1_205' title='bbox 515 3833 527 3916; x_wconf 90' lang='lat'><em>)</em></span> <span class='ocrx_word' id='word_1_206' title='bbox 552 3833 711 3894; x_wconf 86' lang='lat' dir='ltr'><strong>Narrantis</strong></span> <span class='ocrx_word' id='word_1_207' title='bbox 735 3849 807 3908; x_wconf 89' lang='lat' dir='ltr'><strong>ergo</strong></span> <span class='ocrx_word' id='word_1_208' title='bbox 830 3830 977 3888; x_wconf 84' lang='lat' dir='ltr'><strong>intererat</strong></span> <span class='ocrx_word' id='word_1_209' title='bbox 1001 3845 1041 3886; x_wconf 89' lang='lat' dir='ltr'><strong>ne</strong></span> <span class='ocrx_word' id='word_1_210' title='bbox 1055 3842 1141 3911; x_wconf 81' lang='lat' dir='ltr'><strong>mor-</strong></span> 
     </span>
     <span class='ocr_line' id='line_1_31' title="bbox 170 3937 889 4008; baseline -0.021 -2"><span class='ocrx_word' id='word_1_211' title='bbox 170 3953 298 4008; x_wconf 86' lang='lat' dir='ltr'><strong>tuorum</strong></span> <span class='ocrx_word' id='word_1_212' title='bbox 312 3963 329 4002; x_wconf 90' lang='lat' dir='ltr'><strong>e</strong></span> <span class='ocrx_word' id='word_1_213' title='bbox 344 3959 478 4002; x_wconf 90' lang='lat' dir='ltr'><strong>numero</strong></span> <span class='ocrx_word' id='word_1_214' title='bbox 491 3957 563 4003; x_wconf 82' lang='lat' dir='ltr'><strong>vera</strong></span> <span class='ocrx_word' id='word_1_215' title='bbox 581 3939 650 3998; x_wconf 86' lang='lat' dir='ltr'><strong>haec</strong></span> <span class='ocrx_word' id='word_1_216' title='bbox 664 3937 889 3998; x_wconf 87' lang='lat' dir='ltr'><strong>invenirentur.</strong></span> 
     </span>
    </p>
   </div>
   <div class='ocr_carea' id='block_1_6' title="bbox 215 4045 676 4129">
    <p class='ocr_par' dir='ltr' id='par_1_9' title="bbox 215 4045 676 4129">
     <span class='ocr_line' id='line_1_32' title="bbox 215 4045 676 4129; baseline -0.007 -23"><span class='ocrx_word' id='word_1_217' title='bbox 215 4047 261 4129; x_wconf 80' lang='lat'><strong>(3)</strong></span> <span class='ocrx_word' id='word_1_218' title='bbox 274 4049 318 4114; x_wconf 86' lang='lat' dir='ltr'><strong>De</strong></span> <span class='ocrx_word' id='word_1_219' title='bbox 335 4049 387 4110; x_wconf 76' lang='lat' dir='ltr'><strong>tat.</strong></span> <span class='ocrx_word' id='word_1_220' title='bbox 407 4049 456 4106; x_wconf 78' lang='lat' dir='ltr'><strong>cic.</strong></span> <span class='ocrx_word' id='word_1_221' title='bbox 466 4088 477 4119; x_wconf 88' lang='lat'><strong>,</strong></span> <span class='ocrx_word' id='word_1_222' title='bbox 496 4049 564 4120; x_wconf 85' lang='grc' dir='ltr'>ΙΙΙ,</span> <span class='ocrx_word' id='word_1_223' title='bbox 582 4045 628 4108; x_wconf 84' lang='lat'><strong>53.</strong></span> <span class='ocrx_word' id='word_1_224' title='bbox 675 4107 676 4111; x_wconf 52' lang='grc'>,</span> 
     </span>
    </p>
   </div>
   <div class='ocr_carea' id='block_1_7' title="bbox 0 0 1575 5230">
    <p class='ocr_par' dir='ltr' id='par_1_10' title="bbox 0 0 1575 5230">
     <span class='ocr_line' id='line_1_33' title="bbox 0 0 1575 5230; baseline 0 0"><span class='ocrx_word' id='word_1_225' title='bbox 0 0 1575 5230; x_wconf 95' lang='lat' dir='ltr'><strong> </strong></span> 
     </span>
    </p>
   </div>
  </div>
 </body>
</html>
