3072 5232
815 511 976 574 ..gg-

412 639 492 708 dico
508 641 543 708 iu
554 641 773 708 Germaniam
784 642 1029 724 expeditiones,
1048 660 1196 725 quarum
1207 641 1243 706 in
1256 642 1379 726 prima,

413 749 522 816 Cesar
541 767 602 835 per
624 749 860 830 exploratores
887 755 1069 831 postquam
1092 752 1318 832 comperisset
1330 753 1381 820 Si·

412 855 572 938 gambros
594 853 791 936 Suevosque
810 872 884 919 sese
902 873 983 921 cum
1017 855 1087 920 suls
1110 855 1271 922 omnibus
1291 857 1382 923 intra

412 963 544 1045 sylvas,
560 960 716 1028 medium
733 964 776 1027 ad
797 962 914 1029 locum
935 980 1005 1027 suae
1018 963 1182 1047 regionis,
1193 963 1379 1048 recepisse,

411 1070 468 1134 hic
487 1069 717 1136 Romanomm
737 1070 925 1135 adrentum
947 1077 1129 1153 expectare
1152 1077 1189 1134 et
1202 1070 1382 1136 decertare

410 1175 627 1240 constituisse
640 1195 649 1255 3
664 1175 815 1257 quasidc
827 1177 964 1241 fortuna
980 1176 1177 1257 dubitasset,
1205 1176 1288 1239 vicis
1303 1177 1382 1240 aedi-

409 1281 563 1363 liciisque
572 1283 606 1362 (a
620 1282 746 1363 quibus
754 1281 947 1365 periculum
960 1301 1031 1349 non
1042 1283 1128 1365 erat)
1143 1283 1382 1365 incensis,sru-

409 1389 534 1453 mentis
558 1388 716 1470 succisis,
737 1388 858 1453 diebus
892 1388 1035 1454 omnino
1054 1389 1152 1454 XVlll
1177 1398 1268 1453 trans
1290 1389 1382 1453 Ithe-

408 1513 495 1562 num
508 1496 734 1578 consumptis,
750 1496 786 1560 in
802 1494 950 1562 Galliam
966 1513 1003 1560 se
1016 1495 1141 1577 recipit
1153 1496 1214 1578 (1).

449 1602 648 1667 Nonmulto
669 1609 769 1683 post,
791 1619 899 1667 novas
930 1603 972 1665 ad
998 1601 1213 1667 ulciscendas
1240 1601 1384 1684 injurias

407 1709 566 1774 Rhenum
577 1709 692 1775 denuo
721 1708 982 1791 transgreditur.
1012 1707 1091 1788 Quo
1113 1708 1253 1788 audito,
1278 1706 1382 1776 suevi

407 1816 535 1880 iterum
549 1833 584 1880 sc
596 1816 688 1880 iutra
697 1815 798 1880 silvas
810 1814 985 1896 recipiunt
1000 1820 1035 1878 et
1047 1812 1179 1879 bellum
1190 1823 1327 1895 parant.
1340 1817 1383 1881 lt

406 1917 513 1982 Cesar
524 1918 654 1984 veritus
667 1960 677 2001 ,
689 1927 730 1984 ut
740 1919 804 2000 ait,
820 1918 989 1984 frumenti
1001 1918 1156 2000 inopiam
1170 1928 1231 1984 aut
1250 1905 1381 1985 Suevos

405 2025 508 2107 ipsos,
521 2025 581 2090 Dio
597 2032 639 2090 ut
652 2032 798 2091 testatur
818 2024 866 2109 (2)
882 2032 918 2090 et
930 2024 995 2107 ipsi
1010 2025 1116 2090 etiam
1132 2025 1170 2089 iu
1194 2025 1332 2091 Lucano
1343 2033 1383 2090 ut
1398 2086 1401 2094 .

403 2134 574 2214 probrum
584 2134 770 2215 Pompeius
786 2133 907 2215 objicit
926 2133 994 2218 (3),
1019 2133 1150 2218 regredi
1167 2133 1348 2198 constituit
1366 2179 1376 2212 ‚

404 2245 440 2302 et
453 2245 646 2303 extremam
673 2239 787 2305 modu¹
805 2240 921 2322 pontu
946 2247 1082 2322 partem
1106 2238 1255 2304 rescindi
1280 2239 1381 2321 jubet

404 2362 477 2425 qua
492 2342 712 2410 Germaniam
726 2346 968 2428 contingebat,
985 2353 1025 2410 ut
1048 2345 1227 2412 Germanis
1248 2344 1285 2410 iu
1298 2363 1380 2427 per·

401 2456 549 2532 pctuum
564 2449 662 2532 quasi
678 2451 900 2517 minitaretur
910 2451 970 2536 (l).

442 2556 577 2639 Quibus
589 2557 753 2624 omnibus
767 2558 850 2639 quid
866 2559 1053 2640 profecerit
1069 2559 1159 2634 lacta
1177 2555 1376 2623 ostendant.

402 2663 522 2728 Paucis
538 2671 616 2744 post
627 2662 761 2746 diebus,
774 2663 957 2746 Sigambri,
972 2663 1253 2747 llhenotrajecto,
1267 2661 1379 2726 Adua-

401 2773 521 2832 tucam
535 2768 777 2849 contendunt,
794 2770 966 2835 Romanos
978 2778 1196 2854 oppugnant,
1212 2776 1248 2834 et
1259 2765 1379 2844 multis

440 3089 487 3170 (2)
501 3090 545 3148 De
559 3090 610 3147 tet.
622 3089 690 3147 Gal.
706 3132 715 3163 ,
731 3091 793 3162 tr,
813 3089 862 3150 19.

332 3183 341 3202 ‘
440 3197 486 3278 (s)
504 3198 581 3258 nst.
599 3217 691 3270 rom„
713 3195 768 3256 nn.
786 3197 849 3270 τι,
865 3215 897 3276 p.
924 3197 1000 3271 tol,
1023 3199 1119 3257 near.
1145 3196 1253 3276 steph.
1281 3197 1369 3258 1592.

437 3307 498 3362 'Eat
511 3303 537 3360 δὲ
550 3304 582 3366 δὴ
603 3307 660 3368 τοὺς
675 3303 786 3366 Κελτοὺς
800 3297 997 3378 (Quodsatis
1013 3299 1130 3356 mirum
1140 3298 1373 3355 Germanorum

397 3425 513 3469 nornen
527 3408 592 3486 ipse
607 3406 667 3465 Dio
682 3405 816 3484 eprIoat
834 3403 905 3462 Ibid.
919 3402 975 3461 lib.
992 3444 1002 3474 ,
1018 3402 1106 3473 LIII,
1122 3395 1206 3478 576.)
1221 3403 1253 3466 ὡς
1267 3405 1372 3462 καὶτοῖς

396 3522 535 3594 Τρωυὴροις
549 3517 666 3578 &abiem
681 3517 839 3576 ἐθελῦσαντας
853 3515 1012 3590 ἐστράτευσε.
1022 3515 1073 3570 Καὶ
1089 3507 1229 3586 ἴπραξεμὶν
1240 3503 1296 3563 οὐδὲ
1313 3505 1372 3562 τότε

394 3625 481 3695 οὐδὲν,
495 3627 561 3680 titt
575 3629 615 3679 καὶ
635 3621 677 3678 διὰ
690 3622 787 3696 ταχέων
800 3619 865 3696 pttp
879 3629 927 3676 τῶν
948 3619 1058 3679 Ionibus
1074 3619 1269 3691 ἐπαντχὼρησεν·
1292 3609 1370 3678 ἔδοξεν

394 3737 435 3787 οὑν
448 3725 514 3793 αὖθις
528 3732 571 3785 τὸν
585 3736 659 3789 Ρῆνον
675 3725 850 3788 tradebantur.
867 3744 880 3775 ἱ

435 3830 481 3911 (b)
506 3855 709 3888 .......
737 3829 840 3889 Rheni
855 3828 962 3906 gelidis
982 3824 1067 3907 quod
1080 3824 1159 3902 fugit
1174 3821 1213 3880 ab
1230 3821 1332 3879 undis.
1349 3844 1364 3874 a

961 3936 973 4016 (
990 3935 1090 3998 Plan.
1110 3935 1166 4005 ll,
1189 3931 1256 3991 570.
1274 3929 1287 4010 )

434 4043 480 4126 (5)
495 4047 539 4106 Dr
552 4047 604 4107 bel.
623 4046 688 4106 Gal.
708 4048 767 4119 vl,
785 4045 887 4108 tlt-31.

1520 1299 1525 1528 l
