3062 5230
592 481 755 545 ..m-

177 635 253 681 non
267 619 404 697 poterat
415 613 502 696 quin
516 629 577 677 ora
591 611 648 677 illa
660 631 734 694 quae
763 613 806 676 ad
831 613 1002 680 orientem
1027 619 1062 682 et
1073 613 1157 690 Ger·

179 724 340 788 moniam
353 727 484 806 spectat
498 728 637 784 motum
659 720 756 802 quasi
769 727 991 800 sequeretur,
1008 727 1053 809 et,
1067 722 1157 789 lacta

180 827 433 908 conversione,
447 826 490 891 ad
507 826 760 907 septentriones
781 830 953 907 vergere13
969 841 1038 904 qua
1060 830 1157 904 parte

178 951 309 998 verum
332 940 382 996 est
397 940 526 997 terram
542 929 688 996 omnino
701 929 834 997 nullam
857 946 947 1008 esse,
970 928 1034 994 nisi
1048 947 1155 1013 quam

180 1059 351 1106 vocamus
362 1041 508 1123 islande,
523 1041 699 1120 Romanis,
715 1037 752 1104 ni
762 1037 883 1116 tallor,
899 1053 1043 1118 prorsus
1058 1033 1155 1128 inop-

183 1145 321 1229 gnitam
342 1145 400 1230 (l).
421 1145 575 1212 Tacitum
600 1145 723 1210 saltem
738 1146 833 1210 hunc
849 1143 985 1210 Caesaris
1007 1141 1044 1206 in
1061 1161 1154 1210 erro·

186 1267 264 1315 rem
277 1267 347 1314 non
372 1246 530 1314 incidisse
552 1247 900 1316 animadvertendum
921 1255 991 1328 est3
1008 1247 1069 1329 qui
1083 1249 1154 1314 Bri-

186 1356 339 1422 1anniam
351 1353 475 1418 diserte
491 1354 628 1436 scripsit
640 1353 752 1436 spatio
766 1372 806 1418 ac
824 1353 909 1420 colo
931 1353 968 1419 in
982 1355 1153 1420 orientem

188 1459 367 1524 Germaniae
382 1460 521 1525 obtendi
534 1461 592 1544 (2).
611 1461 720 1526 Caesar
735 1479 818 1527 vero
839 1463 1000 1543 (nequid
1023 1464 1152 1529 erroris

181 1564 343 1648 abesset),
372 1567 417 1630 ad
431 1565 652 1632 Germaniam
669 1577 826 1650 spectare
849 1567 1033 1634 affirmarit
1058 1569 1152 1650 quod

177 1669 292 1734 solum
319 1671 419 1737 omni
445 1689 487 1736 ex
510 1673 627 1738 littore
659 1683 832 1755 punctum
862 1674 909 1759 (3)
939 1676 983 1740 ad
1007 1675 1151 1744 Galliam

176 1777 293 1857 potius
307 1784 467 1844 velerum
483 1797 589 1860 quam
606 1781 649 1844 ad
666 1779 888 1846 Germaniam
913 1789 1057 1864 spectat.
1085 1782 1151 1848 Sed

175 1882 242 1948 hoc
259 1885 355 1950 facta
368 1885 475 1951 etiam
486 1885 703 1952 conversioni
717 1888 983 1957 consectarium.

212 1991 315 2058 Nunc
326 1993 370 2058 de
383 1993 533 2058 laterum
545 2002 623 2059 tum
643 1994 799 2061 absoluta
815 2001 893 2058 tum
919 1994 1061 2059 relativa
1080 2013 1152 2058 ma·

170 2095 357 2178 gnitudine
371 2097 545 2163 tantillum
565 2099 671 2164 etiam
694 2097 857 2164 Caesarem
888 2115 1019 2164 errasse
1035 2095 1149 2162 mani·

171 2203 382 2286 lestumest3
401 2205 480 2287 qui,
503 2205 714 2289 incolarum,
737 2215 778 2272 ut
801 2209 864 2291 ait,
891 2227 933 2274 ex
962 2207 1146 2290 opinione,

169 2309 332 2390 primum
355 2312 445 2376 latus
464 2313 507 2392 D,
537 2315 731 2380 secundum
763 2314 857 2396 DCC,
889 2314 1032 2380 tertium
1064 2333 1147 2380 vero

169 2416 277 2482 DCCC
289 2417 398 2482 millia
410 2409 576 2501 passuum
589 2427 709 2484 tenere
724 2421 912 2485 declaravit
924 2421 979 2502 (l).

208 2524 351 2590 Talibus
366 2524 471 2590 etiam
487 2525 583 2610 uulgi
592 2525 792 2591 rumoribus
807 2527 932 2610 fretus,
946 2525 1050 2590 Cesar
1062 2511 1145 2590 ller-

170 2633 279 2716 oyniae
301 2633 388 2698 silvae
401 2633 618 2699 latitudinem
633 2640 750 2700 narrat
772 2651 898 2699 norem
925 2632 1061 2698 dierum
1079 2633 1145 2697 iter
1240 2701 1244 2712 ,

169 2739 335 2820 expedito
361 2747 479 2823 patere
509 2739 571 2822 (5);
589 2740 681 2822 quod
711 2757 793 2806 vero
819 2740 862 2804 ad
891 2737 1143 2822 longitudinem

168 2844 308 2926 attinet,
325 2845 368 2909 ab
376 2844 609 2910 Helvetiorum
624 2852 660 2910 et
669 2846 854 2912 Nemetum
866 2845 1142 2912 etltauraeorum

167 2949 299 3021 linibus
320 2950 368 3034 (6)
383 2968 460 3016 eam
475 2950 574 3032 oriri,
605 2951 664 3015 scd
696 2951 951 3016 Germanorum
964 2950 1141 3014 neminem

170 3075 246 3123 esse
261 3059 332 3139 qui,
350 3057 486 3122 dierum
499 3056 564 3122 iter
577 3058 627 3120 LX
641 3075 751 3137 quum
764 3055 986 3138 processerit,
1002 3063 1063 3118 aut
1075 3055 1141 3119 ini·

211 3375 260 3455 (1)
276 3376 344 3436 Hac
358 3379 449 3456 longe
463 3379 558 3436 aliam
572 3395 638 3437 esse
652 3395 749 3456 quam
773 3379 881 3437 Tlurleu
891 3388 1012 3439 ¹vocant
1027 3399 1047 3435 a
1065 3379 1132 3458 plu-

169 3485 256 3544 ribus
269 3483 518 3543 demonstratum
533 3493 589 3543 cst.

213 3587 259 3670 (2)
277 3587 328 3664 Op.
346 3591 421 3650 laud.
439 3592 487 3649 lo.

213 3695 258 3778 (3)
275 3699 393 3774 Nempe
408 3699 510 3757 lateris
526 3699 686 3776 angulum.

211 3802 256 3882 (ir)
274 3803 326 3878 Ορ.
344 3803 439 3876 laud,
457 3807 504 3878 V,
521 3805 567 3863 13.

213 3910 244 3988 (5
274 3909 368 3986 iliu,
390 3913 510 3987 vl,25.

213 3910 259 4103 (63
270 4024 336 4098 'Qui
350 4024 389 4082 ad
404 4023 549 4085 Rhenum
566 4024 720 4084 incolunt.
