3062 5230
560 512 719 574 ...17-

157 653 366 720 magnopere
391 634 502 698 miror
528 638 740 702 [antefuisse
762 639 994 722 lacrymarum
1019 637 1124 702 incili·

157 749 227 807 tate
240 741 298 824 (i).
977 755 984 772 ·

199 849 238 912 in
252 846 475 914 Germaniam
488 843 703 912 incursiones
715 851 839 914 omitto
853 848 1044 915 asuetonio
1055 865 1126 912 am·

160 957 343 1040 puticulos,
361 957 540 1039 dequibus
554 955 645 1021 infra
661 959 788 1023 melius
805 958 862 1044 (i).

198 1065 287 1145 Jam,
305 1061 426 1145 positis
440 1062 483 1126 ad
502 1061 642 1127 Oricum
659 1064 794 1145 castris,
810 1083 921 1145 quum
933 1081 1013 1154 pars
1028 1081 1126 1127 exer·

160 1169 250 1233 citus
265 1187 285 1232 a
298 1168 493 1232 Brundusio
503 1167 666 1248 pluribus,
687 1169 809 1234 abhinc
820 1168 999 1234 mensibus
1011 1185 1130 1250 expec-

160 1283 309 1356 taretur,
324 1255 477 1339 historici
487 1275 557 1338 iere
567 1291 689 1340 omnes
698 1274 763 1357 (3),
778 1277 915 1341 Lucano
931 1281 1127 1357 praeeunte,

162 1378 452 1468 sesquipedalibus
485 1378 599 1444 verbis
626 1387 768 1444 narrant
798 1379 987 1460 Caesarem,
1016 1378 1130 1444 servili

161 1485 298 1567 habitu,
314 1484 483 1550 concubia
500 1492 622 1566 nocte,
638 1484 872 1567 speculatorio
901 1485 1058 1568 navigio,
1088 1484 1130 1547 ad

159 1590 359 1671 quaerendas
373 1589 524 1674 legiones
536 1591 732 1673 profectum
746 1611 840 1673 esse,
855 1593 945 1674 inde,
958 1591 1131 1657 horrenda

157 1701 341 1776 exceptum
357 1703 575 1780 tempestate,
587 1697 663 1762 ,hee
680 1697 905 1780 gubernatori
915 1696 1131 1762 tumultuari·
1197 1729 1202 1740 ·

155 1806 209 1864 tes
238 1801 329 1864 inter
355 1799 486 1866 fluctus
513 1801 728 1883 trepidanti,
754 1805 894 1884 jamque
922 1803 1058 1867 ciarum
1086 1801 1130 1864 ad

155 1905 255 1970 littus
273 1908 492 1989 retorquenti
517 1909 658 1974 dixisse:
691 1908 779 1988 Quid
804 1910 931 1973 times?
961 1907 1130 1974 Coerurem

158 2018 261 2082 veliis.
276 2018 320 2082 At
329 2019 365 2081 in
380 2017 662 2098 Commentariis,
678 2019 771 2098 quod
782 2018 911 2101 grande
920 2035 1048 2082 sonans
1065 2015 1131 2078 rni-

157 2123 254 2187 nime
270 2123 330 2187 sed
340 2140 423 2187 vero
438 2121 654 2212 simillimum
673 2141 745 2188 esse
757 2124 916 2188 ridetur:

202 2255 218 2288 ι
232 2229 337 2296 essu
366 2228 585 2294 Brundisium
615 2230 657 2294 ad
681 2247 762 2295 suos
789 2229 940 2296 severius
964 2226 1129 2310 scripsit,

159 2337 252 2398 nacti
282 2334 446 2399 idoneum
463 2341 606 2398 rentum
633 2353 678 2399 nc
704 2336 923 2401 occasionem
946 2333 1130 2416 navigandi

203 2545 249 2625 (i)
262 2546 325 2604 Nisi
339 2493 581 2625 poetaeverbum
600 2553 746 2624 reputem
761 2568 767 2604 :

207 2652 372 2710 «Haeredi's
383 2651 477 2711 fletus
491 2654 548 2711 sub
563 2671 695 2730 persona
711 2655 790 2710 risus
816 2659 871 2708 est.

208 2783 220 2812 ι
237 2761 281 2818 Ex
298 2758 400 2816 Publii
411 2757 516 2830 Mimis,
531 2777 573 2833 ep.
588 2762 622 2817 A.
636 2757 713 2816 Gell.
731 2758 839 2830 xvir,
864 2757 912 2815 id.

204 2871 248 2926 Dc
264 2867 323 2925 hoc
338 2873 421 2924 certe
438 2865 480 2922 iia
494 2867 657 2924 Lucanus:

211 2997 247 3029 ι.
274 3015 280 3029 .
307 3016 313 3030 .
339 3016 345 3029 .
372 3016 378 3029 .
402 3014 411 3044 ,
438 3018 444 3030 .
472 3014 478 3028 .
505 3018 513 3032 .
539 3013 545 3027 .
573 2993 579 3028 ι
605 3010 809 3028 .......
835 2975 1002 3043 tutumque
1015 2970 1134 3042 putavit

159 3089 228 3165 jam
248 3079 353 3136 ‘bonus
367 3095 432 3136 cssc
464 3096 570 3154 socer,
597 3077 750 3150 lacrymas
785 3089 848 3126 non
864 3077 974 3145 sponte
987 3071 1134 3128 cadentes

164 3182 289 3259 effudit,
308 3184 504 3260 gemitusque
527 3181 673 3260 expressit
695 3184 819 3255 pectore
834 3174 945 3230 laeto.»

209 3287 501 3368 (Psars.1x,1oet
531 3321 571 3330 -
595 3283 678 3358 Coos.
698 3282 844 3357 iilontaig.
870 3279 935 3338 Eas.
961 3280 993 3352 1,
1027 3279 1075 3336 37.
1095 3311 1134 3322 -

168 3395 263 3452 Corn.
276 3392 353 3454 Mort
376 3395 409 3451 de
422 3393 547 3467 Pompeio.
564 3394 629 3449 Act.
645 3391 685 3459 V,
705 3405 748 3445 sc.
774 3387 813 3458 3,
833 3385 902 3444 285.
919 3419 959 3428 —
984 3385 1062 3442 Caes
1090 3383 1135 3440 De

168 3499 480 3579 mmfflfflffi

211 3607 258 3687 (2)
275 3607 320 3666 tu
336 3627 372 3666 ea
386 3581 577 3687 quae'Caesar
587 3601 795 3682 amplificavit.

212 3713 350 3794 (smus.
370 3716 399 3770 in
408 3713 478 3772 Cas.
496 3713 596 3771 ts-
610 3713 688 3790 App.
716 3709 780 3766 Bet.
803 3707 853 3765 cio.
878 3709 919 3765 ll.
942 3741 980 3750 -
999 3708 1085 3766 Suet.
1107 3705 1137 3762 in

171 3817 242 3885 Coes.
259 3821 308 3878 58.
323 3853 363 3864 -
376 3820 455 3877 Flor.
472 3821 511 3876 tv
543 3817 579 3891 2,
599 3816 648 3874 37.
663 3849 703 3860 —
715 3812 882 3872 Tumidum
898 3831 1022 3892 quoquc
1035 3812 1136 3870 adisis

170 3929 316 3987 trecentis
327 3946 424 4007 prope
440 3932 638 3985 constantem
658 3919 919 3982 versibusLucani
935 3919 1139 3977 declamatio·

172 4050 257 4091 nem.
277 4033 406 4113 (Phora.
422 4033 460 4102 V,
482 4031 547 4088 577.
567 4029 578 4109 )
