<?xml version="1.0" encoding="UTF-8"?>
<!DOCTYPE html PUBLIC "-//W3C//DTD XHTML 1.0 Transitional//EN"
    "http://www.w3.org/TR/xhtml1/DTD/xhtml1-transitional.dtd">
<html xmlns="http://www.w3.org/1999/xhtml" xml:lang="en" lang="en">
 <head>
  <title>
</title>
<meta http-equiv="Content-Type" content="text/html;charset=utf-8" />
  <meta name='ocr-system' content='tesseract 3.04.00' />
  <meta name='ocr-capabilities' content='ocr_page ocr_carea ocr_par ocr_line ocrx_word'/>
</head>
<body>
  <div class='ocr_page' id='page_1' title='image "./decaesarereruma00henngoog_0036.png"; bbox 0 0 3062 5230; ppageno 0'>
   <div class='ocr_carea' id='block_1_1' title="bbox 592 467 752 530">
    <p class='ocr_par' dir='ltr' id='par_1_1' title="bbox 592 467 752 530">
     <span class='ocr_line' id='line_1_1' title="bbox 592 467 752 530; baseline 0 -18"><span class='ocrx_word' id='word_1_1' title='bbox 592 467 752 530; x_wconf 44' lang='lat'><strong>*33-</strong></span> 
     </span>
    </p>
   </div>
   <div class='ocr_carea' id='block_1_2' title="bbox 187 591 1212 2683">
    <p class='ocr_par' dir='ltr' id='par_1_2' title="bbox 187 591 1167 1738">
     <span class='ocr_line' id='line_1_2' title="bbox 187 591 1163 682; baseline 0.004 -22"><span class='ocrx_word' id='word_1_2' title='bbox 187 591 499 674; x_wconf 69' lang='lat' dir='ltr'><strong>adversar-invem,</strong></span> <span class='ocrx_word' id='word_1_3' title='bbox 528 593 606 674; x_wconf 81' lang='lat' dir='ltr'><strong>quis</strong></span> <span class='ocrx_word' id='word_1_4' title='bbox 617 601 669 657; x_wconf 79' lang='lat' dir='ltr'><strong>est</strong></span> <span class='ocrx_word' id='word_1_5' title='bbox 688 611 791 676; x_wconf 88' lang='lat' dir='ltr'><strong>quem</strong></span> <span class='ocrx_word' id='word_1_6' title='bbox 808 612 877 662; x_wconf 92' lang='lat' dir='ltr'><strong>non</strong></span> <span class='ocrx_word' id='word_1_7' title='bbox 894 597 1031 681; x_wconf 66' lang='lat' dir='ltr'><strong>privatae</strong></span> <span class='ocrx_word' id='word_1_8' title='bbox 1047 599 1163 682; x_wconf 78' lang='lat' dir='ltr'><strong>polius</strong></span> 
     </span>
     <span class='ocr_line' id='line_1_3' title="bbox 190 697 1161 783; baseline 0.007 -20"><span class='ocrx_word' id='word_1_9' title='bbox 190 701 399 783; x_wconf 77' lang='lat' dir='ltr'><strong>cupiditales</strong></span> <span class='ocrx_word' id='word_1_10' title='bbox 411 716 518 782; x_wconf 88' lang='lat' dir='ltr'><strong>quam</strong></span> <span class='ocrx_word' id='word_1_11' title='bbox 529 697 644 780; x_wconf 78' lang='lat' dir='ltr'><strong>patriae</strong></span> <span class='ocrx_word' id='word_1_12' title='bbox 660 715 756 762; x_wconf 83' lang='lat' dir='ltr'><strong>amor</strong></span> <span class='ocrx_word' id='word_1_13' title='bbox 770 700 977 768; x_wconf 77' lang='lat' dir='ltr'>sollicitent?</span> <span class='ocrx_word' id='word_1_14' title='bbox 993 704 1161 771; x_wconf 80' lang='lat' dir='ltr'><strong>catonem</strong></span> 
     </span>
     <span class='ocr_line' id='line_1_4' title="bbox 189 803 1159 892; baseline 0.006 -22"><span class='ocrx_word' id='word_1_15' title='bbox 189 814 324 872; x_wconf 78' lang='lat' dir='ltr'><strong>veteres</strong></span> <span class='ocrx_word' id='word_1_16' title='bbox 344 803 528 892; x_wconf 75' lang='lat' dir='ltr'><strong>inimicitie</strong></span> <span class='ocrx_word' id='word_1_17' title='bbox 553 803 754 885; x_wconf 77' lang='lat' dir='ltr'><strong>stimulant,</strong></span> <span class='ocrx_word' id='word_1_18' title='bbox 777 805 938 874; x_wconf 73' lang='lat' dir='ltr'><strong>Lentulus</strong></span> <span class='ocrx_word' id='word_1_19' title='bbox 960 809 1031 874; x_wconf 75' lang='lat' dir='ltr'><strong>eris</strong></span> <span class='ocrx_word' id='word_1_20' title='bbox 1053 807 1159 876; x_wconf 83' lang='lat' dir='ltr'><strong>alieni</strong></span> 
     </span>
     <span class='ocr_line' id='line_1_5' title="bbox 192 909 1160 1003; baseline 0.004 -25"><span class='ocrx_word' id='word_1_21' title='bbox 192 913 431 996; x_wconf 74' lang='lat' dir='ltr'><strong>magnitudine</strong></span> <span class='ocrx_word' id='word_1_22' title='bbox 445 910 734 1003; x_wconf 79' lang='lat' dir='ltr'><strong>etspeexeroilns</strong></span> <span class='ocrx_word' id='word_1_23' title='bbox 757 927 798 974; x_wconf 86' lang='lat' dir='ltr'><strong>ao</strong></span> <span class='ocrx_word' id='word_1_24' title='bbox 813 909 1065 992; x_wconf 79' lang='lat' dir='ltr'><strong>provinciarum</strong></span> <span class='ocrx_word' id='word_1_25' title='bbox 1081 933 1160 982; x_wconf 92' lang='lat' dir='ltr'><strong>mo-</strong></span> 
     </span>
     <span class='ocr_line' id='line_1_6' title="bbox 192 1015 1161 1102; baseline 0.008 -22"><span class='ocrx_word' id='word_1_26' title='bbox 192 1025 306 1099; x_wconf 84' lang='lat' dir='ltr'><strong>vetur,</strong></span> <span class='ocrx_word' id='word_1_27' title='bbox 323 1017 518 1100; x_wconf 82' lang='lat' dir='ltr'><strong>Scipionem</strong></span> <span class='ocrx_word' id='word_1_28' title='bbox 530 1015 745 1099; x_wconf 81' lang='lat' dir='ltr'><strong>eadem-spes</strong></span> <span class='ocrx_word' id='word_1_29' title='bbox 756 1017 1053 1102; x_wconf 76' lang='lat' dir='ltr'><strong>provincieatque</strong></span> <span class='ocrx_word' id='word_1_30' title='bbox 1063 1040 1161 1090; x_wconf 84' lang='lat' dir='ltr'><strong>exer-</strong></span> 
     </span>
     <span class='ocr_line' id='line_1_7' title="bbox 194 1116 1166 1207; baseline 0.009 -22"><span class='ocrx_word' id='word_1_31' title='bbox 194 1120 332 1187; x_wconf 86' lang='lat' dir='ltr'><strong>eiluum</strong></span> <span class='ocrx_word' id='word_1_32' title='bbox 341 1120 506 1207; x_wconf 82' lang='lat' dir='ltr'><strong>impellit,</strong></span> <span class='ocrx_word' id='word_1_33' title='bbox 526 1121 597 1202; x_wconf 82' lang='lat' dir='ltr'><strong>lpse</strong></span> <span class='ocrx_word' id='word_1_34' title='bbox 612 1116 796 1202; x_wconf 85' lang='lat' dir='ltr'><strong>Pompeius</strong></span> <span class='ocrx_word' id='word_1_35' title='bbox 811 1121 857 1186; x_wconf 81' lang='lat' dir='ltr'><strong>ab</strong></span> <span class='ocrx_word' id='word_1_36' title='bbox 868 1121 1018 1206; x_wconf 84' lang='lat' dir='ltr'><strong>inimicis</strong></span> <span class='ocrx_word' id='word_1_37' title='bbox 1033 1122 1166 1194; x_wconf 74' lang='lat' dir='ltr'><strong>Caesarie</strong></span> 
     </span>
     <span class='ocr_line' id='line_1_8' title="bbox 194 1226 1166 1318; baseline 0.007 -28"><span class='ocrx_word' id='word_1_38' title='bbox 194 1228 377 1306; x_wconf 76' lang='lat' dir='ltr'><strong>incitatus,</strong></span> <span class='ocrx_word' id='word_1_39' title='bbox 395 1235 533 1309; x_wconf 75' lang='lat' dir='ltr'><strong>praetera</strong></span> <span class='ocrx_word' id='word_1_40' title='bbox 558 1226 737 1318; x_wconf 83' lang='lat' dir='ltr'><strong>neminem</strong></span> <span class='ocrx_word' id='word_1_41' title='bbox 764 1227 843 1292; x_wconf 85' lang='lat' dir='ltr'><strong>vult</strong></span> <span class='ocrx_word' id='word_1_42' title='bbox 865 1246 987 1294; x_wconf 87' lang='lat' dir='ltr'><strong>secum</strong></span> <span class='ocrx_word' id='word_1_43' title='bbox 1001 1227 1166 1314; x_wconf 76' lang='lat' dir='ltr'><strong>(lignitate</strong></span> 
     </span>
     <span class='ocr_line' id='line_1_9' title="bbox 196 1315 1167 1413; baseline 0.002 -19"><span class='ocrx_word' id='word_1_44' title='bbox 196 1331 372 1413; x_wconf 73' lang='lat' dir='ltr'><strong>adaepeari.</strong></span> <span class='ocrx_word' id='word_1_45' title='bbox 391 1315 491 1394; x_wconf 51' lang='lat' dir='ltr'><strong>&#39;Tum</strong></span> <span class='ocrx_word' id='word_1_46' title='bbox 517 1330 620 1396; x_wconf 83' lang='lat' dir='ltr'><strong>mulli</strong></span> <span class='ocrx_word' id='word_1_47' title='bbox 653 1336 886 1394; x_wconf 76' lang='lat' dir='ltr'><strong>numerentur</strong></span> <span class='ocrx_word' id='word_1_48' title='bbox 915 1329 1021 1396; x_wconf 82' lang='lat' dir='ltr'><strong>amici</strong></span> <span class='ocrx_word' id='word_1_49' title='bbox 1042 1346 1167 1396; x_wconf 57' lang='lat' dir='ltr'><strong>oomuv</strong></span> 
     </span>
     <span class='ocr_line' id='line_1_10' title="bbox 196 1417 1167 1518; baseline 0.005 -19"><span class='ocrx_word' id='word_1_50' title='bbox 196 1437 289 1518; x_wconf 87' lang='lat' dir='ltr'><strong>lum,</strong></span> <span class='ocrx_word' id='word_1_51' title='bbox 307 1437 487 1504; x_wconf 81' lang='lat' dir='ltr'><strong>necessarii</strong></span> <span class='ocrx_word' id='word_1_52' title='bbox 501 1435 679 1518; x_wconf 86' lang='lat' dir='ltr'><strong>Pompeii,</strong></span> <span class='ocrx_word' id='word_1_53' title='bbox 693 1417 847 1517; x_wconf 79' lang='lat' dir='ltr'><strong>quorum</strong></span> <span class='ocrx_word' id='word_1_54' title='bbox 861 1435 1008 1504; x_wconf 82' lang='lat' dir='ltr'><strong>vocibus</strong></span> <span class='ocrx_word' id='word_1_55' title='bbox 1027 1444 1064 1502; x_wconf 85' lang='lat' dir='ltr'><strong>et</strong></span> <span class='ocrx_word' id='word_1_56' title='bbox 1084 1455 1167 1506; x_wconf 86' lang='lat' dir='ltr'><strong>con-</strong></span> 
     </span>
     <span class='ocr_line' id='line_1_11' title="bbox 193 1544 1166 1630; baseline 0.003 -21"><span class='ocrx_word' id='word_1_57' title='bbox 193 1564 296 1610; x_wconf 85' lang='lat' dir='ltr'><strong>eursu</strong></span> <span class='ocrx_word' id='word_1_58' title='bbox 304 1545 513 1612; x_wconf 84' lang='lat' dir='ltr'><strong>infirmiores</strong></span> <span class='ocrx_word' id='word_1_59' title='bbox 522 1551 709 1617; x_wconf 84' lang='lat' dir='ltr'><strong>terrentur,</strong></span> <span class='ocrx_word' id='word_1_60' title='bbox 719 1544 815 1609; x_wconf 85' lang='lat' dir='ltr'><strong>dubii</strong></span> <span class='ocrx_word' id='word_1_61' title='bbox 824 1545 1166 1630; x_wconf 63' lang='lat' dir='ltr'><strong>confirmanturfflle·</strong></span> 
     </span>
     <span class='ocr_line' id='line_1_12' title="bbox 190 1648 1059 1738; baseline 0.007 -27"><span class='ocrx_word' id='word_1_62' title='bbox 190 1648 304 1730; x_wconf 82' lang='lat' dir='ltr'><strong>risque</strong></span> <span class='ocrx_word' id='word_1_63' title='bbox 318 1649 426 1716; x_wconf 89' lang='lat' dir='ltr'><strong>libere</strong></span> <span class='ocrx_word' id='word_1_64' title='bbox 438 1651 650 1716; x_wconf 88' lang='lat' dir='ltr'><strong>decernendi</strong></span> <span class='ocrx_word' id='word_1_65' title='bbox 664 1659 816 1734; x_wconf 82' lang='lat' dir='ltr'><strong>potestas</strong></span> <span class='ocrx_word' id='word_1_66' title='bbox 828 1653 978 1736; x_wconf 89' lang='lat' dir='ltr'><strong>eripilur</strong></span> <span class='ocrx_word' id='word_1_67' title='bbox 999 1654 1059 1738; x_wconf 84' lang='lat'><strong>(1).</strong></span> 
     </span>
    </p>

    <p class='ocr_par' dir='ltr' id='par_1_3' title="bbox 188 1755 1166 2370">
     <span class='ocr_line' id='line_1_13' title="bbox 230 1755 1163 1844; baseline 0.008 -24"><span class='ocrx_word' id='word_1_68' title='bbox 230 1755 258 1820; x_wconf 93' lang='grc'>0</span> <span class='ocrx_word' id='word_1_69' title='bbox 272 1757 424 1838; x_wconf 87' lang='lat' dir='ltr'><strong>probum</strong></span> <span class='ocrx_word' id='word_1_70' title='bbox 441 1755 748 1823; x_wconf 84' lang='lat' dir='ltr'><strong>verumenimvero</strong></span> <span class='ocrx_word' id='word_1_71' title='bbox 762 1765 865 1840; x_wconf 83' lang='lat' dir='ltr'><strong>alque</strong></span> <span class='ocrx_word' id='word_1_72' title='bbox 880 1759 1163 1844; x_wconf 80' lang='lat' dir='ltr'><strong>integerrimum,</strong></span> 
     </span>
     <span class='ocr_line' id='line_1_14' title="bbox 188 1862 1164 1946; baseline 0.01 -22"><span class='ocrx_word' id='word_1_73' title='bbox 188 1879 301 1944; x_wconf 87' lang='lat' dir='ltr'><strong>neque</strong></span> <span class='ocrx_word' id='word_1_74' title='bbox 315 1863 431 1928; x_wconf 83' lang='lat' dir='ltr'><strong>adhuc</strong></span> <span class='ocrx_word' id='word_1_75' title='bbox 443 1862 601 1945; x_wconf 83' lang='lat' dir='ltr'><strong>agnilum</strong></span> <span class='ocrx_word' id='word_1_76' title='bbox 616 1862 729 1928; x_wconf 80' lang='lat' dir='ltr'><strong>civem</strong></span> <span class='ocrx_word' id='word_1_77' title='bbox 744 1863 752 1924; x_wconf 92' lang='lat' dir='ltr'><strong>l</strong></span> <span class='ocrx_word' id='word_1_78' title='bbox 772 1863 859 1944; x_wconf 85' lang='lat' dir='ltr'><strong>Qui,</strong></span> <span class='ocrx_word' id='word_1_79' title='bbox 877 1883 987 1946; x_wconf 89' lang='lat' dir='ltr'><strong>quum</strong></span> <span class='ocrx_word' id='word_1_80' title='bbox 999 1867 1164 1934; x_wconf 83' lang='lat' dir='ltr'><strong>adversus</strong></span> 
     </span>
     <span class='ocr_line' id='line_1_15' title="bbox 189 1965 1166 2052; baseline 0.008 -22"><span class='ocrx_word' id='word_1_81' title='bbox 189 1965 356 2030; x_wconf 79' lang='lat' dir='ltr'><strong>Gelonem</strong></span> <span class='ocrx_word' id='word_1_82' title='bbox 379 2011 390 2046; x_wconf 89' lang='lat'><strong>,</strong></span> <span class='ocrx_word' id='word_1_83' title='bbox 418 1966 620 2033; x_wconf 84' lang='lat' dir='ltr'><strong>Ciceronem</strong></span> <span class='ocrx_word' id='word_1_84' title='bbox 650 1966 805 2050; x_wconf 83' lang='lat' dir='ltr'><strong>aliosque</strong></span> <span class='ocrx_word' id='word_1_85' title='bbox 825 1971 996 2052; x_wconf 84' lang='lat' dir='ltr'><strong>ejusmodi</strong></span> <span class='ocrx_word' id='word_1_86' title='bbox 1018 1972 1166 2038; x_wconf 79' lang='lat' dir='ltr'><strong>nefarios</strong></span> 
     </span>
     <span class='ocr_line' id='line_1_16' title="bbox 188 2069 1166 2160; baseline 0.01 -28"><span class='ocrx_word' id='word_1_87' title='bbox 188 2069 349 2139; x_wconf 85' lang='lat' dir='ltr'><strong>homines</strong></span> <span class='ocrx_word' id='word_1_88' title='bbox 375 2069 524 2156; x_wconf 81' lang='lat' dir='ltr'><strong>patriam</strong></span> <span class='ocrx_word' id='word_1_89' title='bbox 545 2081 580 2138; x_wconf 86' lang='lat' dir='ltr'><strong>et</strong></span> <span class='ocrx_word' id='word_1_90' title='bbox 596 2073 791 2139; x_wconf 83' lang='lat' dir='ltr'><strong>liberlalem</strong></span> <span class='ocrx_word' id='word_1_91' title='bbox 804 2075 1021 2160; x_wconf 73' lang='lat' dir='ltr'><strong>defenderet,</strong></span> <span class='ocrx_word' id='word_1_92' title='bbox 1039 2076 1166 2144; x_wconf 82' lang='lat' dir='ltr'><strong>inritus</strong></span> 
     </span>
     <span class='ocr_line' id='line_1_17' title="bbox 189 2179 1164 2265; baseline 0.01 -27"><span class='ocrx_word' id='word_1_93' title='bbox 189 2179 287 2260; x_wconf 78' lang='lat' dir='ltr'><strong>l&#39;orle,</strong></span> <span class='ocrx_word' id='word_1_94' title='bbox 298 2180 823 2262; x_wconf 74' lang='lat' dir='ltr'><strong>coactusarquecompulsus‚ad</strong></span> <span class='ocrx_word' id='word_1_95' title='bbox 833 2199 1035 2265; x_wconf 83' lang='lat' dir='ltr'><strong>supremam</strong></span> <span class='ocrx_word' id='word_1_96' title='bbox 1045 2199 1164 2248; x_wconf 86' lang='lat' dir='ltr'><strong>rerum</strong></span> 
     </span>
     <span class='ocr_line' id='line_1_18' title="bbox 190 2286 1040 2370; baseline 0 -18"><span class='ocrx_word' id='word_1_97' title='bbox 190 2289 349 2353; x_wconf 87' lang='lat' dir='ltr'><strong>omnium</strong></span> <span class='ocrx_word' id='word_1_98' title='bbox 366 2295 573 2369; x_wconf 75' lang='lat' dir='ltr'><strong>potestatem</strong></span> <span class='ocrx_word' id='word_1_99' title='bbox 586 2286 799 2370; x_wconf 83' lang='lat' dir='ltr'><strong>casualiquo</strong></span> <span class='ocrx_word' id='word_1_100' title='bbox 813 2297 954 2354; x_wconf 88' lang='lat' dir='ltr'><strong>eveolus</strong></span> <span class='ocrx_word' id='word_1_101' title='bbox 968 2289 1040 2355; x_wconf 82' lang='lat' dir='ltr'><strong>estl</strong></span> 
     </span>
    </p>

    <p class='ocr_par' dir='ltr' id='par_1_4' title="bbox 189 2394 1212 2683">
     <span class='ocr_line' id='line_1_19' title="bbox 206 2394 1165 2478; baseline 0.002 -22"><span class='ocrx_word' id='word_1_102' title='bbox 206 2397 342 2478; x_wconf 85' lang='lat' dir='ltr'><strong>¹Longe</strong></span> <span class='ocrx_word' id='word_1_103' title='bbox 370 2394 469 2459; x_wconf 83' lang='lat' dir='ltr'><strong>aliler</strong></span> <span class='ocrx_word' id='word_1_104' title='bbox 496 2400 614 2457; x_wconf 83' lang='lat' dir='ltr'><strong>lamen</strong></span> <span class='ocrx_word' id='word_1_105' title='bbox 638 2400 842 2459; x_wconf 79' lang='lat' dir='ltr'><strong>ceterorum</strong></span> <span class='ocrx_word' id='word_1_106' title='bbox 875 2395 912 2458; x_wconf 91' lang='lat' dir='ltr'><strong>in</strong></span> <span class='ocrx_word' id='word_1_107' title='bbox 937 2394 1032 2459; x_wconf 85' lang='lat' dir='ltr'><strong>libris</strong></span> <span class='ocrx_word' id='word_1_108' title='bbox 1052 2413 1165 2462; x_wconf 82' lang='lat' dir='ltr'><strong>neres</strong></span> 
     </span>
     <span class='ocr_line' id='line_1_20' title="bbox 189 2497 1212 2580; baseline 0 -18"><span class='ocrx_word' id='word_1_109' title='bbox 189 2500 310 2580; x_wconf 82' lang='lat' dir='ltr'><strong>habel,</strong></span> <span class='ocrx_word' id='word_1_110' title='bbox 331 2497 392 2580; x_wconf 89' lang='lat' dir='ltr'><strong>qui</strong></span> <span class='ocrx_word' id='word_1_111' title='bbox 407 2497 570 2564; x_wconf 75' lang='lat' dir='ltr'><strong>Caesarem</strong></span> <span class='ocrx_word' id='word_1_112' title='bbox 586 2497 730 2560; x_wconf 73' lang='lat' dir='ltr'><strong>tradunt</strong></span> <span class='ocrx_word' id='word_1_113' title='bbox 744 2500 814 2579; x_wconf 83' lang='lat' dir='ltr'><strong>jam</strong></span> <span class='ocrx_word' id='word_1_114' title='bbox 828 2498 872 2560; x_wconf 82' lang='lat' dir='ltr'><strong>ab</strong></span> <span class='ocrx_word' id='word_1_115' title='bbox 887 2497 1028 2560; x_wconf 84' lang='lat' dir='ltr'><strong>inlanlia</strong></span> <span class='ocrx_word' id='word_1_116' title='bbox 1052 2499 1165 2580; x_wconf 88' lang='lat' dir='ltr'><strong>impe·</strong></span> <span class='ocrx_word' id='word_1_117' title='bbox 1206 2563 1212 2574; x_wconf 79' lang='grc'>,</span> 
     </span>
     <span class='ocr_line' id='line_1_21' title="bbox 192 2600 1165 2683; baseline 0.001 -17"><span class='ocrx_word' id='word_1_118' title='bbox 192 2603 290 2668; x_wconf 85' lang='lat' dir='ltr'><strong>randi</strong></span> <span class='ocrx_word' id='word_1_119' title='bbox 305 2610 341 2668; x_wconf 92' lang='lat' dir='ltr'><strong>et</strong></span> <span class='ocrx_word' id='word_1_120' title='bbox 357 2600 561 2668; x_wconf 82' lang='lat' dir='ltr'><strong>dominandi</strong></span> <span class='ocrx_word' id='word_1_121' title='bbox 573 2600 737 2682; x_wconf 89' lang='lat' dir='ltr'><strong>cupidine</strong></span> <span class='ocrx_word' id='word_1_122' title='bbox 752 2601 955 2682; x_wconf 80' lang='lat' dir='ltr'><strong>abreptum,</strong></span> <span class='ocrx_word' id='word_1_123' title='bbox 979 2601 1021 2664; x_wconf 82' lang='lat' dir='ltr'><strong>ad</strong></span> <span class='ocrx_word' id='word_1_124' title='bbox 1036 2619 1165 2683; x_wconf 87' lang='lat' dir='ltr'><strong>propo·</strong></span> 
     </span>
    </p>
   </div>
   <div class='ocr_carea' id='block_1_3' title="bbox 189 2704 1169 3323">
    <p class='ocr_par' dir='ltr' id='par_1_5' title="bbox 189 2704 1169 3323">
     <span class='ocr_line' id='line_1_22' title="bbox 189 2704 1169 2789; baseline -0.002 -17"><span class='ocrx_word' id='word_1_125' title='bbox 189 2709 409 2774; x_wconf 89' lang='lat' dir='ltr'><strong>silumfinem</strong></span> <span class='ocrx_word' id='word_1_126' title='bbox 417 2725 479 2788; x_wconf 89' lang='lat' dir='ltr'><strong>per</strong></span> <span class='ocrx_word' id='word_1_127' title='bbox 488 2707 536 2770; x_wconf 80' lang='lat' dir='ltr'><strong>las</strong></span> <span class='ocrx_word' id='word_1_128' title='bbox 548 2705 722 2788; x_wconf 81' lang='lat' dir='ltr'><strong>nefasque,</strong></span> <span class='ocrx_word' id='word_1_129' title='bbox 737 2705 806 2769; x_wconf 82' lang='lat' dir='ltr'><strong>ulla</strong></span> <span class='ocrx_word' id='word_1_130' title='bbox 818 2704 891 2770; x_wconf 90' lang='lat' dir='ltr'><strong>sine</strong></span> <span class='ocrx_word' id='word_1_131' title='bbox 898 2704 1169 2789; x_wconf 85' lang='lat' dir='ltr'><strong>intermissione,</strong></span> 
     </span>
     <span class='ocr_line' id='line_1_23' title="bbox 191 2811 1162 2898; baseline -0.001 -19"><span class='ocrx_word' id='word_1_132' title='bbox 191 2823 383 2898; x_wconf 82' lang='lat' dir='ltr'><strong>grassalum</strong></span> <span class='ocrx_word' id='word_1_133' title='bbox 400 2832 482 2880; x_wconf 86' lang='lat' dir='ltr'><strong>esse.</strong></span> <span class='ocrx_word' id='word_1_134' title='bbox 509 2811 603 2878; x_wconf 78' lang='lat' dir='ltr'><strong>uarii</strong></span> <span class='ocrx_word' id='word_1_135' title='bbox 619 2819 655 2876; x_wconf 85' lang='lat' dir='ltr'><strong>el</strong></span> <span class='ocrx_word' id='word_1_136' title='bbox 669 2811 767 2878; x_wconf 81' lang='lat' dir='ltr'><strong>sulle</strong></span> <span class='ocrx_word' id='word_1_137' title='bbox 781 2815 942 2896; x_wconf 86' lang='lat' dir='ltr'><strong>exemplo</strong></span> <span class='ocrx_word' id='word_1_138' title='bbox 961 2812 1162 2897; x_wconf 76' lang='lat' dir='ltr'><strong>incitatum,</strong></span> 
     </span>
     <span class='ocr_line' id='line_1_24' title="bbox 192 2920 1164 3006; baseline 0.003 -21"><span class='ocrx_word' id='word_1_139' title='bbox 192 2923 432 3006; x_wconf 85' lang='lat' dir='ltr'><strong>largilionibus</strong></span> <span class='ocrx_word' id='word_1_140' title='bbox 444 2920 695 3004; x_wconf 81' lang='lat' dir='ltr'><strong>etgladialoriis</strong></span> <span class='ocrx_word' id='word_1_141' title='bbox 714 2922 919 2986; x_wconf 79' lang='lat' dir='ltr'><strong>muneribus</strong></span> <span class='ocrx_word' id='word_1_142' title='bbox 931 2922 1084 3002; x_wconf 85' lang='lat' dir='ltr'><strong>plebem,</strong></span> <span class='ocrx_word' id='word_1_143' title='bbox 1100 2924 1164 2988; x_wconf 82' lang='lat' dir='ltr'><strong>do·</strong></span> 
     </span>
     <span class='ocr_line' id='line_1_25' title="bbox 192 3025 1163 3108; baseline 0.003 -19"><span class='ocrx_word' id='word_1_144' title='bbox 192 3027 313 3092; x_wconf 81' lang='lat' dir='ltr'><strong>nativis</strong></span> <span class='ocrx_word' id='word_1_145' title='bbox 324 3027 463 3106; x_wconf 74' lang='lat' dir='ltr'><strong>milileS,</strong></span> <span class='ocrx_word' id='word_1_146' title='bbox 482 3044 624 3108; x_wconf 88' lang='lat' dir='ltr'><strong>quoquo</strong></span> <span class='ocrx_word' id='word_1_147' title='bbox 639 3025 751 3107; x_wconf 84' lang='lat' dir='ltr'><strong>pretio</strong></span> <span class='ocrx_word' id='word_1_148' title='bbox 763 3026 938 3104; x_wconf 83' lang='lat' dir='ltr'><strong>tribunos,</strong></span> <span class='ocrx_word' id='word_1_149' title='bbox 950 3025 1163 3092; x_wconf 78' lang='lat' dir='ltr'><strong>Gallicisvio·</strong></span> 
     </span>
     <span class='ocr_line' id='line_1_26' title="bbox 193 3129 1165 3214; baseline -0.004 -16"><span class='ocrx_word' id='word_1_150' title='bbox 193 3135 289 3200; x_wconf 87' lang='lat' dir='ltr'><strong>loriis</strong></span> <span class='ocrx_word' id='word_1_151' title='bbox 303 3137 373 3200; x_wconf 85' lang='lat' dir='ltr'><strong>fere</strong></span> <span class='ocrx_word' id='word_1_152' title='bbox 388 3153 510 3200; x_wconf 89' lang='lat' dir='ltr'><strong>omnes</strong></span> <span class='ocrx_word' id='word_1_153' title='bbox 523 3133 686 3198; x_wconf 81' lang='lat' dir='ltr'><strong>irretiisse</strong></span> <span class='ocrx_word' id='word_1_154' title='bbox 696 3131 755 3214; x_wconf 69' lang='lat'>(2).</span> <span class='ocrx_word' id='word_1_155' title='bbox 772 3130 874 3211; x_wconf 85' lang='lat' dir='ltr'><strong>Quod</strong></span> <span class='ocrx_word' id='word_1_156' title='bbox 889 3147 999 3209; x_wconf 89' lang='lat' dir='ltr'><strong>quum</strong></span> <span class='ocrx_word' id='word_1_157' title='bbox 1009 3129 1165 3194; x_wconf 71' lang='lat' dir='ltr'><strong>animael-</strong></span> 
     </span>
     <span class='ocr_line' id='line_1_27' title="bbox 192 3233 1165 3323; baseline -0.008 -17"><span class='ocrx_word' id='word_1_158' title='bbox 192 3242 373 3307; x_wconf 80' lang='lat' dir='ltr'><strong>rerlissent</strong></span> <span class='ocrx_word' id='word_1_159' title='bbox 399 3257 551 3323; x_wconf 86' lang='lat' dir='ltr'><strong>quorum</strong></span> <span class='ocrx_word' id='word_1_160' title='bbox 575 3236 769 3318; x_wconf 72' lang='lat' dir='ltr'><strong>reipublicae</strong></span> <span class='ocrx_word' id='word_1_161' title='bbox 793 3235 882 3300; x_wconf 80' lang='lat' dir='ltr'><strong>salus</strong></span> <span class='ocrx_word' id='word_1_162' title='bbox 907 3241 941 3297; x_wconf 85' lang='lat' dir='ltr'><strong>et</strong></span> <span class='ocrx_word' id='word_1_163' title='bbox 961 3233 1165 3298; x_wconf 82' lang='lat' dir='ltr'><strong>liberlasin-</strong></span> 
     </span>
    </p>
   </div>
   <div class='ocr_carea' id='block_1_4' title="bbox 166 3563 1166 4068">
    <p class='ocr_par' dir='ltr' id='par_1_6' title="bbox 166 3563 1166 4068">
     <span class='ocr_line' id='line_1_28' title="bbox 254 3563 464 3637; baseline -0.024 -14"><span class='ocrx_word' id='word_1_164' title='bbox 254 3566 266 3623; x_wconf 86' lang='lat' dir='ltr'><strong>l</strong></span> <span class='ocrx_word' id='word_1_165' title='bbox 301 3563 372 3623; x_wconf 85' lang='lat' dir='ltr'><strong>lbid.</strong></span> <span class='ocrx_word' id='word_1_166' title='bbox 388 3565 420 3637; x_wconf 90' lang='lat'><strong>1,</strong></span> <span class='ocrx_word' id='word_1_167' title='bbox 436 3564 464 3618; x_wconf 81' lang='lat'><strong>3.</strong></span> 
     </span>
     <span class='ocr_line' id='line_1_29' title="bbox 237 3563 1163 3753; baseline -0.011 -23"><span class='ocrx_word' id='word_1_168' title='bbox 237 3563 284 3753; x_wconf 57' lang='lat' dir='ltr'><strong>ili</strong></span> <span class='ocrx_word' id='word_1_169' title='bbox 300 3674 344 3730; x_wconf 90' lang='lat' dir='ltr'><strong>De</strong></span> <span class='ocrx_word' id='word_1_170' title='bbox 359 3670 418 3728; x_wconf 92' lang='lat' dir='ltr'><strong>hoc</strong></span> <span class='ocrx_word' id='word_1_171' title='bbox 434 3666 600 3732; x_wconf 80' lang='lat' dir='ltr'><strong>Suetonius</strong></span> <span class='ocrx_word' id='word_1_172' title='bbox 615 3666 792 3724; x_wconf 87' lang='lat' dir='ltr'><strong>uberrimus</strong></span> <span class='ocrx_word' id='word_1_173' title='bbox 815 3663 868 3743; x_wconf 91' lang='lat' dir='ltr'><strong>qui</strong></span> <span class='ocrx_word' id='word_1_174' title='bbox 887 3661 955 3720; x_wconf 86' lang='lat' dir='ltr'><strong>haeo</strong></span> <span class='ocrx_word' id='word_1_175' title='bbox 967 3662 1047 3721; x_wconf 81' lang='lat' dir='ltr'><strong>inter</strong></span> <span class='ocrx_word' id='word_1_176' title='bbox 1063 3661 1163 3730; x_wconf 79' lang='lat' dir='ltr'><strong>mulla</strong></span> 
     </span>
     <span class='ocr_line' id='line_1_30' title="bbox 193 3779 305 3837; baseline -0.009 0"><span class='ocrx_word' id='word_1_177' title='bbox 193 3779 305 3837; x_wconf 79' lang='lat' dir='ltr'><strong>tradit:</strong></span> 
     </span>
     <span class='ocr_line' id='line_1_31' title="bbox 239 3877 1163 3958; baseline -0.016 -17"><span class='ocrx_word' id='word_1_178' title='bbox 239 3913 250 3941; x_wconf 77' lang='grc' dir='ltr'>ι</span> <span class='ocrx_word' id='word_1_179' title='bbox 275 3887 432 3946; x_wconf 90' lang='lat' dir='ltr'><strong>Omnibus</strong></span> <span class='ocrx_word' id='word_1_180' title='bbox 456 3887 539 3942; x_wconf 81' lang='lat' dir='ltr'><strong>circa</strong></span> <span class='ocrx_word' id='word_1_181' title='bbox 565 3899 664 3953; x_wconf 88' lang='lat' dir='ltr'><strong>eum,</strong></span> <span class='ocrx_word' id='word_1_182' title='bbox 689 3887 784 3958; x_wconf 85' lang='lat' dir='ltr'><strong>atquo</strong></span> <span class='ocrx_word' id='word_1_183' title='bbox 817 3877 911 3936; x_wconf 83' lang='lat' dir='ltr'><strong>eliam</strong></span> <span class='ocrx_word' id='word_1_184' title='bbox 940 3881 1026 3952; x_wconf 81' lang='lat' dir='ltr'><strong>parte</strong></span> <span class='ocrx_word' id='word_1_185' title='bbox 1049 3889 1163 3948; x_wconf 77' lang='lat' dir='ltr'><strong>magne</strong></span> 
     </span>
     <span class='ocr_line' id='line_1_32' title="bbox 166 3979 1166 4068; baseline -0.021 -16"><span class='ocrx_word' id='word_1_186' title='bbox 166 4026 168 4031; x_wconf 95' lang='lat'><em>·</em></span> <span class='ocrx_word' id='word_1_187' title='bbox 194 4001 317 4051; x_wconf 74' lang='lat' dir='ltr'><strong>eennlne</strong></span> <span class='ocrx_word' id='word_1_188' title='bbox 339 3991 474 4068; x_wconf 76' lang='lat' dir='ltr'><strong>gralrulo</strong></span> <span class='ocrx_word' id='word_1_189' title='bbox 503 3998 556 4046; x_wconf 83' lang='lat' dir='ltr'><strong>nul</strong></span> <span class='ocrx_word' id='word_1_190' title='bbox 580 3989 638 4048; x_wconf 83' lang='lat' dir='ltr'><strong>levi</strong></span> <span class='ocrx_word' id='word_1_191' title='bbox 661 3985 767 4043; x_wconf 84' lang='lat' dir='ltr'><strong>fenore</strong></span> <span class='ocrx_word' id='word_1_192' title='bbox 795 3981 965 4051; x_wconf 84' lang='lat' dir='ltr'><strong>obslriolie,</strong></span> <span class='ocrx_word' id='word_1_193' title='bbox 986 3997 1022 4036; x_wconf 82' lang='lat' dir='ltr'><strong>ex</strong></span> <span class='ocrx_word' id='word_1_194' title='bbox 1044 3979 1166 4053; x_wconf 86' lang='lat' dir='ltr'><strong>reliquo</strong></span> 
     </span>
    </p>
   </div>
   <div class='ocr_carea' id='block_1_5' title="bbox 0 0 1550 5230">
    <p class='ocr_par' dir='ltr' id='par_1_7' title="bbox 0 0 1550 5230">
     <span class='ocr_line' id='line_1_33' title="bbox 0 0 1550 5230; baseline 0 0"><span class='ocrx_word' id='word_1_195' title='bbox 0 0 1550 5230; x_wconf 95' lang='lat' dir='ltr'><strong> </strong></span> 
     </span>
    </p>
   </div>
  </div>
 </body>
</html>
