3062 5230
574 461 734 540 ..55-

158 613 291 674 ituatur
305 608 368 694 (l).
386 611 483 692 Quas
500 607 592 672 inter
611 603 855 700 dissimillimas
872 605 1058 684 sententias
1076 609 1139 690 '¹19³

24 706 27 798 ἦ
160 736 244 782 vam
272 720 363 786 hauc
392 720 516 784 allerre
542 716 628 780 mihi
653 715 755 779 liceat
781 736 789 775 :
812 713 991 778 Britanniae
1012 714 1140 792 scilieet

163 834 312 907 propter
326 828 466 893 sinuum
483 828 797 907 aestuariorumque
822 825 1082 889 multitudinem
1105 833 1141 890 et

167 932 456 1014 amplitudinem,
472 951 570 998 suam
583 933 728 999 omnino
751 947 816 996 nee
832 930 939 995 ullam
954 929 1057 994 aliam
1072 933 1139 995 lor·

96 1089 99 1094 .
168 1039 269 1102 mani
295 1058 382 1106 esse.
403 1043 481 1106 Tres
502 1049 623 1105 tamen
646 1055 723 1104 oras
749 1037 940 1102 maritimas
961 1040 1141 1102 numerari

170 1163 280 1210 nemo
293 1160 377 1212 eum
400 1148 521 1214 Caesare
545 1165 616 1212 non
639 1148 804 1225 fateatur,
828 1143 1033 1223 triquetram
1057 1161 1140 1210 vero

173 1255 317 1334 agnosci
325 1257 508 1322 concedere
516 1253 804 1338 indulgentissimi
814 1251 1013 1334 essetllost,
1023 1253 1141 1319 insulae

176 1359 221 1421 de
234 1359 303 1425 situ
317 1362 362 1426 ita
374 1362 489 1428 Cesar:

220 1491 234 1522 α
258 1467 365 1532 Unum
381 1469 469 1534 latus
504 1477 556 1534 est
578 1477 698 1534 eontra
718 1469 874 1536 Galliam.
897 1471 1003 1551 liujus
1027 1472 1142 1537 lateris

173 1571 258 1644 alter
271 1575 439 1657 angulus,
460 1576 520 1658 qui
533 1583 585 1640 est
596 1576 639 1640 ad
654 1575 833 1657 Cantium,
850 1595 920 1658 quo
937 1576 1007 1641 lere
1020 1593 1141 1642 amnas

170 1691 210 1766 ex
236 1677 342 1745 Gallia
364 1699 469 1746 naves
489 1681 732 1764 appellantur,
755 1683 797 1746 ad
822 1681 989 1748 orientem
1007 1671 1138 1765 solem,

168 1781 310 1850 inferior
322 1790 366 1853 ad
381 1789 562 1852 meridiem
577 1797 708 1870 spectat
724 1815 739 1846 υ
758 1791 817 1872 (2).

209 1889 318 1958 Caesar
332 1913 434 1977 ergo,
450 1897 575 1960 ultimo
590 1895 655 1960 hoc
670 1898 817 1979 angulo,
835 1897 894 1979 qui
908 1899 1004 1961 ce'rle
1016 1915 1087 1962 non
1097 1897 1140 1960 ad

166 1999 354 2064 meridiem
381 2003 439 2065 sed
457 2002 500 2066 ad
522 2001 739 2068 occidentem
755 2006 909 2086 spectat,
928 2005 970 2066 ad
996 2002 1139 2068 Galliam

165 2105 265 2183 quasi
279 2108 461 2188 detracto,
479 2108 627 2173 insulam
642 2117 795 2191 omnem,
807 2127 883 2191 quae
897 2116 989 2173 recta
1003 2127 1022 2174 a
1035 2109 1140 2172 meri·

165 2206 220 2274 die
233 2211 279 2276 ad
308 2213 582 2294 septentrionem
595 2215 728 2296 tendit,
758 2233 829 2281 non
851 2212 1073 2278 mediocriter
1096 2212 1139 2274 ad

167 2318 391 2385 occidentem
403 2321 593 2386 inelinavit·
602 2321 734 2402 Quode
749 2321 972 2403 sequentibus
986 2319 1140 2400 ejusdem

165 2423 286 2490 verbis
298 2425 515 2490 manifestius
528 2407 633 2491 etiam
658 2435 838 2508 appareat,
860 2428 921 2507 qui
942 2427 990 2490 ita
1005 2425 1138 2506 pergit:

208 2537 224 2586 ἰ
246 2531 405 2597 Alterum
421 2533 547 2616 (latus)
559 2532 669 2614 vergit
681 2532 724 2596 ad
734 2531 925 2611 Hispaniam
936 2536 1040 2609 atque
1052 2530 1141 2592 occi·

167 2631 313 2701 dentem
327 2637 453 2714 solem,
468 2656 536 2718 qua
552 2651 594 2702 ex
608 2643 705 2719 parte
722 2643 775 2701 est
786 2637 956 2704 Hibernia.
979 2660 995 2692 ν

207 2745 275 2807 Tot
288 2755 424 2809 errores
447 2745 518 2808 lere
540 2751 626 2826 quot
641 2745 746 2809 'rerba
765 2751 856 2809 sunt.
870 2745 954 2809 Nam
966 2744 1050 2826 quid
1061 2743 1140 2810 vici-

169 2847 288 2914 nitatis
311 2855 372 2914 aut
400 2849 665 2931 propinquitatis
684 2850 879 2932 llispaniam
901 2850 993 2916 inter
1014 2859 1049 2916 et
1069 2853 1140 2916 Bri-

171 2953 325 3020 tanniam
354 2973 426 3019 esse
453 2957 589 3037 possit?
620 2957 686 3022 Sed
708 2957 1005 3036 quemadmodum
1031 2959 1140 3022 Caesar

170 3058 384 3124 Britanniam
399 3060 442 3124 ad
455 3060 670 3125 occidentem
684 3059 890 3139 deflexerat,
915 3061 961 3124 ita
977 3061 1059 3124 falso
1085 3079 1140 3125 ra·

169 3171 228 3229 tus
241 3165 439 3247 Hispaniam
454 3167 555 3250 longo
573 3175 687 3230 tractu
715 3165 758 3228 ad
780 3164 1051 3244 septentrionem
1065 3172 1140 3229 ten·

172 3273 269 3354 dere,
282 3274 440 3354 proxima
450 3282 484 3338 et
494 3272 684 3355 adjacentia
695 3270 816 3334 habuit
826 3279 902 3350 qqae
910 3277 1034 3338 natura
1045 3279 1141 3337 tauto

174 3377 325 3442 marium
339 3385 579 3459 terrarumque
590 3378 800 3460 disjunxerat
814 3377 1003 3443 intervallo.
1013 3379 1059 3441 De
1070 3396 1140 3458 quo

175 3503 246 3548 non
261 3484 366 3550 Caesar
377 3487 468 3548 solus
484 3486 542 3549 sed
560 3486 693 3568 antiqui
719 3487 806 3551 sorte
827 3504 949 3550 omnes
962 3485 1141 3550 incusandi

175 3598 266 3654 sunt.
282 3591 399 3671 Quum
415 3589 510 3654 enim
524 3590 560 3654 in
572 3590 727 3655 Tacitum
741 3610 783 3654 ex
796 3591 957 3671 Agricolae
969 3591 1141 3658 laboribus

218 3897 264 3988 (l)
285 3903 366 3986 Oper.
383 3909 458 3968 laud
477 3907 556 3969 Ibid.
668 3985 670 3992 Ι

220 4011 267 4092 (2)
283 4013 327 4071 De
343 4011 394 4070 bel.
409 4013 510 4072 Gatv
546 4017 593 4074 l3.
