3062 5230
791 521 830 530 ..
852 485 891 548 56
912 521 952 531 .-

387 619 479 679 tanta
497 613 704 679 iudiciorum
721 615 818 697 eopia
843 617 941 696 quasi
965 616 1158 681 redundare
1172 617 1354 702 debuerit,

386 727 503 784 tamen
516 720 573 784 itte
587 721 795 786 Britanniam
811 723 848 786 in
873 723 1090 788 oeeidentem
1112 724 1278 804 Hispaniae
1294 728 1356 790 ob·

385 824 480 888 tendi
496 823 566 908 (t),
581 832 701 890 eontra
718 826 848 895 Silures
860 827 910 910 (ν)
922 827 1117 910 Hispaniam
1129 830 1277 910 positam
1291 831 1353 916 (3),

385 930 489 996 etiam
521 925 635 1012 (quod
661 931 754 996 ultra
781 949 923 997 omnem
948 934 1052 998 fldem
1081 951 1155 1000 esse
1177 935 1353 1018 videatur)

384 1036 581 1101 Hiberniam
592 1036 708 1102 medio
719 1037 1029 1102 interBritanniam
1040 1047 1145 1122 atque
1158 1040 1356 1122 Hispaniam

383 1146 485 1210 sitam
502 1147 549 1228 (i)
571 1165 644 1211 esse
665 1151 833 1211 affirmare
857 1165 927 1213 non
946 1148 1093 1216 dubitat.
1117 1149 1210 1231 Quin
1234 1159 1270 1216 et
1291 1153 1356 1218 Dio

382 1259 462 1332 post
482 1251 620 1316 Adriani
644 1257 749 1331 atque
775 1252 880 1316 etiam
907 1251 1022 1317 Severi
1039 1256 1276 1336 expeditiones
1303 1258 1352 1324 ita

384 1358 516 1422 tradit:

369 1465 373 1472 ’
433 1489 450 1528 α
470 1452 512 1529 Ἠ
529 1461 563 1529 δὲ
582 1463 620 1536 δή
638 1475 724 1560 χώρα
744 1474 820 1539 αὐτὴ
839 1469 900 1556 ἔχει
916 1477 968 1556 μὲν
985 1483 1036 1545 τῆς
1057 1479 1174 1562 ἠπείρου
1193 1483 1246 1546 τῆς
1265 1469 1351 1536 Κελ-

381 1601 485 1673 resne,
503 1599 581 1656 narrt
597 1591 750 1684 Μωρίναυς
764 1644 772 1674 ,
788 1589 924 1669 σταδίους
943 1601 1122 1663 πεντήκοντα
1140 1603 1189 1658 καὶ
1207 1617 1354 1686 τετρακα-

380 1720 458 1788 σὶανς
476 1707 552 1806 (ὅ),
569 1719 601 1778 τὸ
618 1721 850 1802 συντομώτατον·
875 1723 999 1808 παρήκει
1019 1711 1145 1808 δὲπαρά
1169 1741 1200 1783 τε
1222 1725 1274 1786 τήν
1291 1716 1353 1781 λα-

380 1840 437 1902 πὴν
455 1833 614 1920 Γαλατίαν,
634 1843 683 1899 καὶ
707 1843 788 1928 παρὰ
809 1844 861 1908 τήν
876 1835 1009 1929 Ἰἕηρίαν
1026 1835 1122 1928 ὀλίγον
1139 1835 1249 1902 πᾶσαν.
1265 1832 1348 1931 »[(6)

421 1957 490 2039 Qui
504 1965 624 2022 tantus
651 1974 748 2021 error
767 1963 807 2020 ut
831 1957 1072 2039 detegeretur,
1098 1973 1118 2020 a
1145 1955 1279 2021 Boleris
1307 1958 1351 2020 ad

380 2063 577 2128 Trileucum
599 2061 881 2144 promontorium
889 2081 954 2144 per
969 2061 1224 2144 Britannicum,
1248 2063 1353 2144 Aqui-

380 2173 538 2236 tauieum
552 2180 587 2237 et
602 2171 844 2238 Cantabricum
873 2188 1043 2235 oceanum
1070 2177 1112 2234 ut
1132 2170 1239 2235 iretur
1256 2190 1346 2254 opus

381 2286 471 2359 erat3
489 2279 582 2360 quod
597 2294 717 2359 nemo,
728 2280 771 2341 ad
788 2277 822 2340 id
837 2285 992 2362 tempus,
1009 2287 1049 2343 ut
1062 2279 1215 2358 videtur,
1228 2279 1340 2345 faeere

383 2403 488 2450 ausus
501 2387 624 2452 fuerat.
648 2388 690 2452 itt
704 2387 810 2454 Cesar
828 2411 843 2452 z.
937 2467 938 2470 Ἴ

425 2519 440 2550 α
461 2493 615 2558 Tertium
633 2494 780 2578 (latus),
795 2495 854 2577 ait,
878 2504 928 2561 est
952 2480 1074 2562 eontra
1097 2500 1353 2582 septentriones

380 2598 438 2663 eui
454 2599 544 2680 parti
560 2602 654 2664 nutta
675 2602 809 2684 objecta
825 2609 876 2666 est
889 2609 991 2667 terra.
1021 2605 1086 2669 Sed
1102 2607 1176 2690 ejus
1202 2608 1351 2690 angulus

379 2703 495 2767 lateris
516 2704 665 2768 maxime
678 2705 721 2768 ad
734 2705 953 2772 Germaniam
967 2717 1099 2791 spectat
1112 2711 1170 2793 (7).
1189 2736 1204 2768 s

420 2812 496 2874 tarn
521 2811 617 2904 quasi
640 2813 794 2893 erumpit
818 2831 927 2908 error.
955 2815 1056 2898 Nam,
1084 2817 1196 2884 insuta
1223 2819 1320 2883 omni
1336 2865 1351 2901 ‚,

381 2923 421 2979 ut
444 2917 513 2998 jam
541 2916 707 2992 diximus,
732 2918 774 2980 ad
796 2919 1014 2985 occidentem
1043 2924 1222 3007 inclinata,
1247 2925 1350 2995 vitari

458 3264 470 3344 )
486 3265 585 3341 Agris.
600 3264 650 3356 oft.
665 3263 713 3320 ru.

459 3374 469 3454 )
487 3375 653 3433 Britanniae
664 3389 762 3430 unam
778 3379 916 3448 gentem¹

458 3482 556 3563 )lbid.
577 3483 624 3540 ii.
728 3519 734 3533 .

486 3591 557 3650 Iria.
575 3594 623 3651 at.

425 3591 470 3775 (53
487 3698 596 3754 Nostra
617 3697 723 3773 lingua
740 3695 908 3754 stratisue
929 3714 936 3751 ι
960 3692 995 3751 81
1016 3694 1169 3751 iilomttres
1194 3713 1231 3751 αα
1247 3694 1347 3750 moins.

384 3801 474 3876 Quod
490 3802 619 3861 omnino
633 3819 728 3880 supra
741 3817 849 3861 verum
863 3807 921 3858 est.—

425 3907 471 3989 (6)
489 3907 566 3967 Hor.
581 3907 663 3967 Rom.
682 3909 832 3979 XXXIX,
850 3927 880 3986 p.
902 3907 969 3965 123.

425 4015 471 4098 (Ἰ)
487 4014 552 4073 Lor.
570 4017 664 4089 taum,
682 4016 747 4072 ibid.
