3062 5230
585 509 744 572 49„

185 638 273 704 lusio
296 638 383 702 elam
407 637 647 702 Alexandriam
677 642 873 720 arcessisse,
901 642 1025 706 urbem
1046 653 1152 702 occu-

184 763 301 828 passe,
326 744 465 809 Caesaris
480 743 516 808 iu
529 744 674 810 domum
691 745 855 828 irrupisse
871 747 917 832 (l)
933 793 940 807 .

226 855 269 918 ht
280 851 389 917 Caesar
398 851 485 916 duas
495 851 640 917 omnino
653 851 780 934 quibus
791 853 828 918 in
842 871 878 918 se
891 855 1049 922 omnium
1063 867 1153 938 pene

184 958 320 1024 animos
333 957 541 1024 alienaverat
558 975 680 1025 causas
701 956 865 1025 reticuit:
884 961 1060 1026 avaritiam
1079 959 1151 1044 prl-

183 1083 303 1148 mum‚
317 1083 404 1147 qua,
420 1081 593 1136 summam
617 1065 774 1146 pecuniae
795 1065 971 1148 ingentem
984 1062 1033 1146 (h)
1045 1063 1153 1128 Ptole·

55 1185 57 1190 '
185 1193 271 1241 meo
280 1177 330 1241 ab
346 1176 466 1240 llulete
479 1175 542 1256 ipsi
563 1173 737 1256 debitam,
753 1176 852 1259 regia
872 1174 1015 1240 sublatis
1038 1174 1154 1238 aureis

186 1289 222 1348 et
235 1281 405 1366 argenteis
431 1279 586 1362 mslbm,
612 1287 668 1362 et,
684 1299 748 1366 pro
763 1299 882 1364 more,
900 1301 946 1346 ne
962 1280 1068 1346 sacris
1080 1281 1157 1361 qui·

186 1385 268 1452 dem
279 1403 422 1468 parcens
434 1387 653 1452 acerbissime
670 1395 830 1472 exegerat
843 1388 905 1472 (3).

227 1495 267 1556 tt
291 1491 458 1573 precipua
484 1499 520 1557 et
534 1493 634 1575 quasi
660 1495 731 1560 sola
748 1512 853 1560 causa
876 1501 951 1560 erat
972 1493 1158 1576 Cleopatra

184 1612 284 1662 amor
295 1595 346 1681 (l)
356 1583 368 1680 ;¹
379 1615 485 1680 quam
500 1599 656 1682 primum
664 1607 705 1665 ut
716 1601 866 1683 viderat,
883 1599 1158 1682 loquentemque

183 1701 382 1783 audiverat,
400 1703 536 1787 itacius
550 1704 765 1789 mancipium
778 1707 991 1785 incluserat,
1007 1712 1048 1770 ut
1059 1709 1158 1788 cujus

184 1814 263 1872 ante
280 1808 385 1890 judex
403 1811 668 1892 esseuoluerat,
687 1810 895 1878 advocatum
912 1817 1040 1893 ageret
1054 1810 1157 1892 Quod

183 1914 387 1980 Ptolemaeus
410 1917 516 1981 irater
536 1915 598 1981 ubi
614 1916 736 1998 sensit,
764 1917 814 1981 ira
837 1915 1089 1997 inflammatus,
1114 1917 1158 1980 ad

185 2021 358 2103 populum
395 2023 577 2105 prosiluit,
617 2031 717 2089 etse
751 2023 929 2106 proditum
969 2021 1156 2108 clamans,

184 2125 496 2193 Alexandrinorum
508 2128 611 2194 fidem
622 2129 830 2211 imploravit.
842 2127 952 2209 litque
960 2124 1025 2192 etsi
1035 2124 1154 2206 cesar,

86 2313 91 2326 ‚
184 2237 284 2298 melu
308 2235 508 2318 perculsus,
525 2254 599 2318 qua
614 2237 743 2302 vellent
768 2237 944 2300 lecturum
967 2250 1003 2298 ae
1025 2231 1159 2315 promi·

186 2347 295 2422 serat3
313 2347 450 2423 lamen,
466 2359 510 2406 ne
525 2341 589 2406 uni
602 2341 808 2424 Cleopatra,
822 2349 968 2425 propter
981 2361 1157 2423 amorem,

186 2457 334 2530 regnum
353 2447 559 2512 concederet
576 2448 619 2512 ab
633 2449 797 2513 omnibus
819 2463 1044 2527 summopere
1057 2447 1160 2509 time-

187 2551 300 2616 batur.
319 2551 485 2636 AEgyptiis
505 2551 598 2616 enim
616 2550 702 2615 nihil
716 2547 1160 2614 intolerabilius‘vltlebalur

187 2676 294 2739 quam
315 2657 487 2723 muliebre
503 2656 701 2740 imperium.
721 2655 806 2722 ilinc
822 2653 958 2721 Pothini
981 2655 1055 2737 ira,
1079 2653 1159 2720 binc

187 2761 301 2830 lulesli
316 2763 554 2848 AEgypliorum
568 2762 675 2829 animi
694 2771 730 2828 et
742 2760 873 2830 bellum
889 2771 1055 2846 coeptum.
1146 2793 1149 2801 ν

227 2871 290 2952 lla,
315 2877 466 2954 pugnata
478 2871 522 2936 orl
545 2869 742 2936 Pharsalum
762 2875 899 2954 pugna,
922 2869 1155 2952 Pompeioque

188 2973 417 3059 interempto,
443 2993 553 3058 quum
578 2995 700 3042 rernm
727 2977 798 3056 jam
824 2975 985 3039 omnium
1014 2993 1159 3060 compos

190 3081 296 3150 Caesar
310 3090 416 3163 esset,
432 3081 463 3147 si
481 3081 580 3149 solita
597 3081 772 3147 celeritate
788 3085 965 3160 uteretur,
979 3094 1118 3147 causam
1132 3082 1161 3146 si

161 3475 166 3486 ¹
233 3407 364 3490 (l)1lid.
380 3409 444 3481 lll,
461 3407 534 3479 llll,
555 3407 625 3465 lll.

230 3515 278 3597 (2)
289 3522 401 3584 *Xrlior
415 3521 564 3583 ἑπτανδσίας
577 3521 729 3580 πεντήκοντα
743 3514 895 3594 μυριάδας.»
918 3506 929 3586 (
945 3507 1026 3566 Plut.
1041 3507 1070 3563 io
1083 3501 1155 3564 Coeo.

188 3623 235 3680 alt.
254 3619 330 3700 tc.)
353 3623 463 3682 Nostra
479 3628 607 3681 moneta
623 3629 654 3680 ct
675 3621 804 3700 lingua:
829 3619 960 3679 environ
987 3618 1069 3677 troia.
1085 3613 1159 3678 mil-

186 3715 266 3789 lion's
279 3730 352 3809 cinq
364 3739 438 3790 cent
454 3729 542 3790 mille
558 3728 673 3790 francs.

229 3835 276 3916 (3)
298 3834 371 3896 [bid.
397 3838 446 3898 [ιδ.

233 3941 278 4023 (ll)
295 3968 307 3999 1
322 3952 370 4006 Τὸν
383 3947 491 4006 δἀὑτὸθι
504 3951 608 4028 πόλεμον
624 3951 701 4025 οἱμὲν
717 3953 761 4006 οὐκ
775 3951 922 4025 ἀναγκαῖον,
934 3945 1063 4025 ἀλλ’ἵρωτι
1077 3949 1158 4004 Κλεο-

187 4059 284 4132 πάτρας
300 4053 385 4125 ἄδοξον
398 4065 466 4115 orrro‘r
486 4063 526 4114 καὶ
541 4054 671 4120 κινδυνώδη
681 4057 790 4134 γενέσθαι
805 4056 929 4132 λέγουσίν.
944 4045 1050 4133 (Plut.
1064 4045 1155 4126 Ibid.)
