3072 5232
808 473 948 535 ..6-

394 601 521 668 Nemo:
536 619 650 681 neque
666 601 759 666 enim
775 602 931 684 ipsorum
948 601 1038 666 inter
1052 619 1087 666 se
1109 602 1285 669 sententiae
1299 623 1366 688 pu-

393 715 516 792 gnant,
532 708 589 772 sed
607 709 700 787 quod
711 704 855 788 quisque
872 707 1065 772 maximum
1078 708 1364 790 etgravissimum

393 815 489 882 omni
500 816 537 881 in
549 816 715 898 scriptore
727 816 892 897 habebat,
907 815 1020 880 solum
1029 815 1064 878 id
1076 815 1239 881 attendit:
1249 836 1365 883 emen-

393 924 513 988 datum
528 924 576 1004 hi,
593 923 780 987 candidum
796 923 998 987 etstrictum
1005 922 1140 986 dicendi
1153 939 1275 1005 genus,
1293 925 1361 989 sin-

392 1029 570 1094 ceritatem
594 1028 670 1111 ille,
703 1028 918 1109 aequitatem,
947 1028 1139 1092 veritatem.
1175 1029 1362 1110 Veritatem

391 1137 553 1218 equidem
579 1119 615 1201 et
632 1135 867 1202 sinceritatem
883 1136 1018 1202 Caesaris
1037 1135 1070 1200 in
1095 1135 1362 1203 Commentariis

390 1243 511 1325 sapius
522 1243 725 1324 desiderari,
742 1251 884 1307 auctore
901 1242 1069 1323 Pollione,
1084 1243 1279 1323 contend03
1294 1262 1361 1308 nec

389 1367 531 1430 prorsus
547 1351 709 1414 Montano
729 1356 848 1413 nostro
861 1347 1026 1412 assentior
1041 1348 1084 1412 de
1098 1349 1223 1414 Caesare
1238 1350 1298 1430 qui
1312 1352 1359 1416 ila

389 1456 509 1521 scribit
525 1479 533 1518 :

421 1591 435 1619 α
451 1562 578 1643 Certes,
590 1565 621 1643 je
632 1561 673 1625 lis
681 1569 737 1625 cet
745 1560 983 1624 autheuravec
993 1578 1040 1624 un
1049 1578 1119 1642 pen
1126 1561 1205 1643 plus
1213 1562 1257 1625 de
1267 1561 1358 1628 re're

390 1688 493 1734 rence
508 1669 599 1733 etde
614 1674 751 1749 respect
767 1668 873 1747 qu'on
885 1686 929 1731 ne
943 1665 983 1732 lit
999 1667 1048 1730 les
1057 1666 1221 1732 humains
1234 1686 1356 1734 ouvra-

388 1793 460 1859 ges:
473 1781 614 1855 tantost,
625 1771 946 1855 leconsiddrantluy
957 1789 1157 1854 mesmepar
1165 1791 1218 1838 ses
1227 1774 1359 1839 actions

389 1883 471 1948 elle
483 1882 625 1946 miracle
639 1882 682 1944 de
697 1899 733 1945 sa
746 1880 942 1964 grandeur:
959 1885 1113 1960 tanlost,
1131 1879 1163 1942 la
1182 1880 1308 1963 purete
1324 1890 1360 1946 et

387 1987 577 2051 inimitable
591 1985 757 2066 polissure
778 1986 822 2047 de
836 2003 898 2050 son
911 1985 1117 2066 langage.....
1122 2029 1183 2048 .....
1198 1992 1363 2050 avectaat

386 2097 429 2159 de
439 2096 590 2161 sinodalia
603 2111 644 2157 en
657 2112 708 2156 ses
713 2095 902 2174 jugemenS,
915 2091 1052 2173 pariant
1063 2091 1107 2153 de
1119 2107 1171 2154 ses
1184 2091 1356 2172 ennemis,

386 2220 454 2283 que
469 2202 548 2265 saul
556 2201 604 2262 les
613 2199 739 2263 lansses
754 2197 916 2262 couleurs
929 2197 972 2259 de
986 2195 1070 2278 quoi
1084 2194 1106 2258 il
1121 2203 1202 2259 vent
1217 2196 1355 2260 convrir

386 2329 423 2373 sa
437 2306 612 2372 mauvaise
626 2321 728 2368 cause
742 2301 936 2367 etl'ordure
945 2302 987 2364 de
999 2320 1035 2365 sa
1048 2301 1231 2384 pestilente
1243 2302 1353 2366 ambi-

386 2418 481 2498 tion,
496 2419 528 2498 je
540 2414 765 2499 pensequ’en
779 2414 852 2478 cela
871 2413 945 2476 seul
959 2430 1006 2477 on
1022 2431 1043 2494 y
1057 2411 1170 2493 puisse
1182 2411 1353 2476 trouverai

385 2522 498 2586 redire
505 2519 674 2602 qu’ilaetd
680 2527 759 2601 trop
771 2527 977 2600 espargnant
987 2517 1126 2601 aiparler
1136 2518 1180 2581 de
1193 2534 1252 2600 soy
1263 2517 1322 2602 (l).
1333 2544 1349 2576 s

424 2629 493 2692 Nec
518 2627 627 2707 magis
655 2645 674 2688 e
697 2624 894 2689 clarissimis
913 2633 1035 2689 nostrae
1054 2625 1159 2690 atatis
1182 2625 1353 2691 historicis

383 2751 496 2799 unum
509 2733 699 2816 probavero
713 2733 813 2812 cujus
828 2732 901 2796 haec
919 2733 1022 2796 rerba
1033 2743 1115 2798 sunt
1129 2757 1137 2796 :

428 2867 443 2898 ι
457 2839 557 2906 Cesar
566 2837 652 2902 derit
665 2856 708 2901 en
721 2836 864 2902 homme
876 2837 999 2920 d'dtat,
1014 2842 1173 2923 toujours
1183 2861 1262 2909 sans
1277 2863 1352 2928 pas-

386 2951 470 3016 sion.
486 2949 601 3014 Tacite
611 2954 662 3011 est
672 2946 926 3028 philosophe...
941 2947 964 3010 ll
975 2955 1059 3028 peut
1069 2963 1126 3010 me
1140 2967 1260 3015 mener
1271 2955 1351 3036 trop

384 3057 472 3137 loin,
486 3072 568 3118 arec
579 3049 678 3118 Cesar
689 3053 721 3132 je
733 3070 776 3116 ne
789 3069 891 3117 cours
902 3052 1022 3134 jamnis
1033 3071 1074 3116 ce
1089 3055 1203 3135 risque
1214 3057 1274 3140 (i).
1292 3083 1307 3116 s

425 3167 559 3234 Etenim
572 3163 731 3245 quamvis
752 3163 862 3227 multa
881 3171 917 3226 et
933 3164 1097 3246 praeclara
1111 3165 1346 3246 temperantiae

384 3281 420 3337 et
440 3268 731 3354 magnanimitatis
751 3269 909 3350 exempla
939 3268 975 3332 in
1001 3271 1173 3336 narrando
1199 3271 1289 3336 sicut
1312 3271 1349 3336 in

383 3378 516 3461 agendo
528 3375 636 3442 Caesar
649 3374 813 3456 ediderit,
823 3383 859 3439 et
871 3394 994 3458 magna
1008 3376 1132 3441 sentiat
1140 3377 1175 3439 in
1188 3377 1350 3456 plurimis

384 3483 617 3549 necessarium
639 3482 681 3546 sit
702 3479 763 3561 qui
785 3488 837 3546 tot
856 3489 892 3546 et
917 3487 1014 3546 tanta
1028 3479 1189 3563 gesserit3
1208 3486 1346 3564 tamen,

383 3609 449 3672 pro
462 3597 587 3655 natura
606 3587 813 3651 infirmitatis
835 3587 1097 3668 humanae,salsa
1111 3587 1215 3667 veris,
1238 3605 1344 3669 parra

426 3886 472 3969 (l)
486 3888 601 3963 Essem,
616 3879 670 3962 il,
686 3891 734 3948 10.

239 4000 313 4078 3¹:⁷2?
427 3991 756 4072 (2)Jeandel1uller‚
775 3997 887 4067 lettres,
902 4002 983 4066 etp,
1004 4012 1034 4072 p.
1053 3993 1129 4067 178,
1147 3993 1216 4052 lat.
