3062 5230
569 515 727 579 45..

162 643 232 725 iam
246 641 339 709 siluit
355 650 471 707 vetere
493 642 553 706 itio
580 641 698 723 populi
716 643 856 706 Romani
871 642 983 708 amieo
997 649 1031 707 et
1044 659 1127 722 suo;

161 748 236 830 qui,
252 749 295 812 ab
307 746 474 837 Ariovisto
486 743 594 811 Gaitia
606 763 716 827 quum
729 753 967 827 premeretur,
984 747 1127 818 Romam

163 855 339 936 proiectus
359 852 494 918 tuenda
511 853 625 934 patriae
636 852 815 918 -tibertatts
828 869 927 916 eausa
944 854 1010 937 (3),
1024 853 1061 918 in
1075 871 1128 920 ac-

163 969 249 1028 natu
268 962 421 1043 dixerat,
440 968 613 1043 oraverat3
636 959 830 1042 Ciceronis,
852 958 1067 1042 aliorumque
1087 981 1129 1026 ex

164 1067 382 1151 principibus
394 1069 430 1132 in
441 1066 627 1133 amicitiam
639 1075 782 1133 venerat
798 1066 847 1149 (d)
860 1086 869 1147 ;
883 1074 982 1149 post,
997 1068 1034 1130 in
1055 1068 1132 1132 civi·

165 1181 273 1238 tatem
291 1172 420 1254 redux,
443 1174 619 1246 Romanis,
646 1178 686 1237 ut
715 1171 841 1238 suturis
860 1171 977 1256 (quod
991 1171 1132 1252 poltice-

165 1279 314 1363 bantur)
336 1279 449 1362 patria
475 1280 792 1364 propugnatoribus
813 1298 853 1344 ac
879 1297 970 1364 pene
994 1279 1133 1344 institu-

162 1388 322 1466 toribus,
348 1386 481 1470 gratia,
505 1387 732 1466 auctoritate,
756 1388 947 1471 dignitate,
972 1390 1133 1454 omnium

164 1509 284 1557 rerum
315 1509 381 1574 ope
410 1492 537 1558 faverat
559 1493 623 1575 ⁸(1).
659 1492 749 1575 Qui,
772 1493 884 1560 Gattiae
916 1497 992 1576 jura
1014 1491 1132 1561 omnia

163 1594 378 1679 impugnata,
416 1597 559 1663 tratrem
583 1599 805 1670 interiectum
836 1619 946 1683 quum
975 1602 1130 1683 vidisset,

160 1704 230 1785 jam
251 1702 295 1766 de
309 1704 462 1770 Romana
485 1705 647 1770 societate
661 1705 868 1788 Caesarisque
894 1706 1044 1772 amicitia
1059 1726 1132 1773 cer·

159 1814 237 1890 tus,
260 1809 348 1874 forte
370 1807 406 1872 in
421 1808 644 1875 solitudinem
669 1809 827 1891 secessit,
851 1828 888 1874 se
901 1810 1017 1892 ipsum
1033 1812 1131 1878 ineu·

159 1916 342 1998 sansquod
355 1915 482 1980 durius
493 1933 597 1997 quam
623 1915 783 1981 Ariovisti
798 1917 920 1999 jugum
935 1917 1050 1998 patriae
1066 1919 1131 1983 im-

109 2077 120 2100 ,
157 2021 339 2106 posuisset.

200 2130 311 2194 Etiam
321 2129 359 2193 in
372 2127 478 2196 Gallia
487 2129 623 2210 rapinas
635 2136 670 2194 et
678 2130 792 2194 omnis
800 2127 934 2211 generis
948 2131 1130 2197 iatrocinia

159 2236 267 2302 Cesar
284 2232 401 2301 omisit
417 2258 425 2298 :
441 2237 565 2302 referta
578 2235 678 2302 donis
698 2237 775 2302 tana
797 2236 997 2318 temptaque
1021 2239 1130 2304 Deum

162 2341 1126 2426 expilata,urbesdirutassaepiusobproedam,suetonius

162 2447 209 2512 ait
218 2446 267 2531 (i)
279 2494 288 2529 ,
301 2466 404 2530 quam
413 2447 460 2510 ob
468 2448 632 2512 delictum.
646 2446 727 2527 Qua
739 2447 863 2510 acerba
877 2447 963 2509 adeo
976 2447 1131 2527 adeoque

162 2553 306 2619 immitis
319 2551 492 2634 cupiditas
513 2551 597 2632 iuit,
619 2551 745 2614 talibus
761 2556 802 2613 ut
822 2549 996 2614 manubiis
1017 2539 1132 2631 impe-

162 2670 256 2729 rator
274 2661 442 2726 exercitui
466 2657 677 2742 stipendium
700 2655 962 2738 inperpetuum
980 2652 1131 2736 duplica

162 2778 226 2853 ret,
241 2786 372 2835 novum
384 2765 529 2831 militem
541 2763 763 2843 conduceret,
776 2779 839 2826 aere
853 2747 966 2825 alieno
980 2777 1017 2824 se
1031 2771 1128 2826 suos·
1167 2751 1172 2768 '

164 3109 262 3175 quum
276 3077 457 3161 inuenisset,
475 3107 527 3148 eos
543 3089 689 3148 obsidum
702 3089 771 3146 loco
791 3082 898 3162 (quod
911 3103 1007 3142 omne
1020 3081 1129 3142 coutra'

159 3201 213 3277 jus
233 3200 325 3279 erat]
352 3217 461 3258 secum
483 3198 597 3258 ducere
616 3199 804 3257 decreverat.
841 3192 933 3265 Quod
956 3193 1130 3250 Dumnorix

161 3326 263 3389 quum
283 3326 363 3386 aegre
378 3307 490 3376 ferret,
512 3319 586 3362 cum
605 3303 710 3363 AEduis
724 3298 880 3380 equitibus
902 3297 1035 3356 domum
1053 3313 1130 3354 con-

163 3415 273 3476 tendit.
292 3415 387 3473 Hunc
404 3413 444 3471 ad
458 3408 688 3488 insequendum
716 3408 819 3466 Caesar
837 3407 994 3464 Romanos
1011 3400 1130 3479 equites

163 3522 257 3580 misit.
274 3519 315 3578 Hi
329 3519 546 3579 clamitantem
555 3534 582 3574 se
591 3515 706 3572 liberum
719 3513 861 3588 liberoque
874 3507 994 3567 civitatis
1007 3524 1062 3565 esse
1073 3505 1131 3566 cir-.

147 3632 389 3688 .cumsistuntet
400 3629 488 3704 jussu
504 3623 632 3684 Caesaris
644 3617 845 3680 interficiunt.

142 3727 145 3734 ⁴
205 3734 252 3814 (3)
274 3734 415 3806 Itidvl,
444 3733 490 3791 tn.
508 3766 546 3776 -
561 3732 651 3788 Eum.
668 3727 809 3807 Panegy‘r.
830 3728 865 3784 ad
882 3723 1032 3785 Constant.
1053 3727 1081 3791 3.

205 3841 252 3923 (h)
276 3842 341 3900 Cic.
359 3841 403 3898 De
417 3840 501 3897 disin.
521 3840 563 3911 I.,
578 3857 609 3916 p.
628 3835 696 3894 270.

207 3941 253 4029 (i)
276 3949 385 4008 Debet.
406 3949 471 4007 Gal.
491 3949 573 4005 Pass.

210 4055 258 4136 (2)
281 4058 316 4116 ln
328 4053 418 4130 Ces„
433 4055 479 4116 51⁴.
