3062 5230
784 463 1021 528 -,0-.

384 611 444 662 sua
461 598 504 662 de
519 603 621 678 gente
633 595 805 660 Romanus
820 591 877 658 illc
889 596 960 658 dux
973 601 1008 658 et
1020 573 1348 660 historicusnullum

382 704 446 768 sibi
459 706 580 768 lucum
594 701 685 766 lacit.
711 701 780 783 Qui
806 701 1056 768 silleeumanis
1077 709 1138 766 aut
1156 701 1358 785 legionariis

382 809 526 874 ornniuo
537 806 703 872 militibus
717 806 849 888 pedites
865 808 951 872 alios
962 807 1357 892 quoscumquepostlia-.

384 917 473 996 beat,
489 912 649 980 Romame
661 911 835 993 equitibus
846 913 958 980 Gallos
971 913 1105 994 equites
1113 920 1154 978 ut
1165 912 1356 980 GallisGer·

383 1037 504 1086 manos
532 1016 624 1082 hand
644 1016 750 1082 dubie
776 1018 971 1102 anteponit:
991 1018 1081 1083 Adeo
1095 1025 1150 1098 ut,
1164 1019 1228 1084 sub
1244 1018 1354 1084 finem

381 1125 499 1190 Gallici
512 1124 610 1206 belli,
624 1126 788 1206 pacatisa
807 1124 1014 1206 quibusdam
1031 1124 1221 1190 Germaniae
1232 1125 1355 1192 cirita·

382 1235 484 1309 tibus,
497 1230 740 1314 stipendiarios
752 1231 884 1321 equites
897 1231 1120 1305 arcessirerit,
1133 1231 1262 1311 eisque,
1273 1229 1354 1312 quia

380 1337 497 1404 miuus
518 1335 651 1402 idoneis
673 1334 997 1416 equisnubamur,
1020 1335 1244 1400 tribunorum
1264 1335 1357 1400 milia.

381 1451 458 1508 lum
481 1443 710 1524 equitumque
735 1442 970 1506 Romanorum
1000 1448 1104 1520 atque
1129 1446 1356 1506 evocatorum

388 1567 497 1643 equos
505 1546 719 1614 distribuerit
730 1546 789 1627 (1).
805 1548 830 1611 lt
844 1546 970 1628 quibus
985 1545 1114 1612 scilicet
1128 1547 1354 1644 sequentibus

382 1656 504 1736 praeliis
516 1654 682 1721 clunibus
704 1653 863 1718 vincendi
892 1653 1031 1722 initium
1052 1654 1183 1719 lactum
1204 1653 1271 1718 luit
1289 1653 1355 1737 (5).1

422 1762 491 1826 Nec
503 1759 801 1826 Germanissolum
808 1759 986 1840 equitibus
997 1759 1057 1822 sed
1067 1759 1238 1825 Germana
1246 1760 1355 1824 etiam

385 1866 572 1932 dimicandi
591 1865 724 1932 ratione
740 1865 847 1930 Cesar
859 1866 897 1929 iu
922 1866 1014 1930 bello
1030 1866 1123 1932 civili
1147 1870 1269 1932 utitur.
1283 1869 1352 1950 Qui

383 1977 618 2042 adolescentes
629 1983 733 2055 atque
746 1973 928 2057 'expeditos
940 1992 982 2038 ex
996 1975 1251 2058 antesignanis,
1269 1978 1354 2042 elec-

382 2089 437 2148 tos
448 2083 492 2146 ad
513 2083 774 2164 pernicitatem,
801 2080 911 2174 armis
936 2080 1026 2146 inter
1051 2081 1185 2162 equites
1208 2083 1353 2163 praeliari

383 2177 524 2266 iubebat
540 2187 609 2270 (3),
625 2186 720 2268 quod
734 2188 774 2249 ab
788 2181 957 2251 Ariovisto
972 2183 1117 2248 inbelle
1134 2183 1259 2250 Gallico
1275 2183 1351 2248 lieri

385 2294 519 2357 viderat
531 2293 576 2376 (t)
589 2301 624 2356 et
639 2290 773 2374 gentilis
787 2308 864 2355 mos
876 2296 950 2354 erat
972 2288 1295 2386 Germanorum&

490 2508 599 2567 Debet.
620 2507 686 2566 Gal.
707 2508 782 2580 ΙΙΙ,
801 2506 850 2565 65.

442 2510 456 2566 l
1347 2541 1352 2560 .

426 2507 591 2694 {gustet
607 2614 656 2671 cio
667 2615 726 2686 ΙΙΙ,
733 2613 782 2672 sl
792 2610 918 2686 —Coufi
927 2610 972 2668 De
986 2611 1037 2670 let.
1050 2609 1116 2668 Gal.
1128 2611 1196 2681 vll,
1213 2609 1262 2682 lt,
1278 2609 1333 2667 88..

428 2718 601 2796 (qualo.
610 2719 659 2774 civ.
674 2719 742 2790 ΙΙΙ,
760 2718 818 2790 75,
841 2717 888 2776 8t.

463 2822 503 2901 )

428 2822 461 2902 (b
491 2823 625 2880 «Genus
639 2821 779 2880 hocerat
806 2838 919 2900 pugnae
933 2841 997 2901 qua
1011 2841 1043 2882 se
1053 2823 1201 2883 Germani
1214 2837 1357 2880 exercuere

387 2935 467 2986 rant.
485 2928 636 3006 Equitum
651 2927 749 2986 millia
763 2935 927 3000 erantse13
946 2929 1076 2988 totidem
1100 2945 1233 2988 numero
1243 2927 1354 3007 pedites

386 3033 570 3094 velocissimi
597 3051 635 3090 ac
660 3031 843 3103 fortissimi3
865 3052 942 3111 quos
968 3052 1005 3092 ex
1034 3035 1121 3093 omni
1139 3032 1229 3112 copia
1249 3030 1355 3108 singuli

387 3140 536 3217 singulos,
553 3156 618 3196 suae
632 3139 739 3196 salutis
753 3157 856 3213 causa,
872 3138 1061 3219 delegerant.
1078 3139 1159 3197 Cum
1173 3138 1221 3195 his
1234 3138 1265 3196 in
1281 3151 1357 3214 prae-

386 3250 434 3306 liis
456 3247 678 3319 versabantur,
704 3246 743 3304 ad
759 3247 814 3305 hos
842 3265 875 3305 se
898 3249 1019 3326 equites
1040 3247 1244 3326 recipiebant.
1263 3247 1319 3320 Hi,
1337 3246 1362 3302 si

386 3354 461 3439 quid
475 3362 541 3412 erat
555 3353 684 3424 durius,
703 3352 954 3412 concurrebant:
975 3355 1006 3414 Si
1024 3352 1100 3432 qui(
1122 3352 1205 3432 sic),
1223 3352 1362 3430 graviore

386 3463 513 3520 vulnere
542 3469 689 3538 accepto,
716 3479 797 3538 equo
809 3460 994 3536 deciderat,
1021 3462 1312 3531 circumsistebant3
1337 3459 1362 3516 si

386 3586 449 3645 quo
464 3575 530 3625 erat
543 3569 664 3644 longius
676 3566 895 3646 prodeundum
908 3576 961 3626 aut
988 3569 1119 3627 celerius
1131 3564 1359 3644 recipiendum,

386 3674 474 3731 tanta
486 3683 553 3731 erat
564 3673 679 3731 horum
696 3675 920 3733 exercitatione
934 3675 1075 3733 celeritas
1084 3716 1093 3747 ,
1103 3681 1155 3746 ut,
1162 3671 1247 3748 jubis
1259 3688 1363 3748 equo·

386 3793 457 3836 rum
498 3776 666 3850 sublevati,
705 3796 831 3836 cursum
866 3779 1077 3858 adaequarent.
1095 3803 1106 3834 s
1122 3777 1226 3836 Debet,
1243 3773 1308 3831 Gal.
1328 3775 1355 3845 Ι,

386 3882 435 3942 58.
457 3880 583 3957 -Coufi
600 3880 670 3939 [hul.
687 3885 759 3957 vll,
775 3883 823 3942 65.

426 3984 471 4064 (5.)
497 3984 559 4043 llic
568 4005 577 4057 ;
589 3987 654 4044 ibid.
