3062 5230
789 539 828 548 „„
849 503 889 566 ᾗ
910 538 950 552 ,-

387 637 574 717 didissent,
590 635 646 701 ille
657 639 816 699 wnatnrn
829 647 1018 698 omnemse
1032 634 1203 698 necavisse
1217 631 1351 714 latetur,

387 742 538 823 reliquos
548 742 612 805 sub
630 754 758 805 corona
777 738 970 804 vendidlsse
988 738 1045 820 (l).

430 847 634 916 Detestanda
663 861 743 908 sane
772 852 808 908 et
835 843 1007 911 horrenda
1037 843 1137 910 ducis
1169 845 1356 910 etudelitas

387 970 460 1032 qua
477 970 521 1015 ne
537 949 728 1014 inermibus
754 956 790 1014 et
806 945 968 1031 subjectis
985 948 1127 1031 quidem
1143 958 1263 1032 pareat
1285 952 1355 1034 (e)t

389 1057 596 1122 llistoric'urn
616 1065 733 1122 tamen
749 1065 894 1138 propter
913 1055 1099 1121 confitendi
1118 1055 1355 1122 sinceritatem

389 1179 512 1228 omnes
525 1162 733 1243 laudabunt3
756 1161 823 1226 nisi
841 1162 901 1244 qui
915 1161 1162 1226 existimabunt
1174 1163 1356 1227 suteetiarn

385 1269 544 1334 utilitatis
563 1285 666 1333 eausa
695 1261 856 1334 &aaroni
880 1283 900 1334 a
929 1285 966 1332 se
981 1274 1165 1351 oppressos
1180 1276 1215 1332 et
1232 1285 1357 1338 esern-

387 1381 495 1468 oiatos
523 1380 634 1448 Gallos
659 1379 821 1444 Romanis
849 1378 886 1442 in
910 1379 1205 1443 oblectamentum
1234 1383 1359 1442 osten-

388 1488 487 1552 disse.
643 1469 646 1476 ’
916 1471 922 1482 ’

427 1595 516 1659 Num
529 1593 684 1658 historici
701 1593 863 1658 etiamad
886 1594 1025 1658 laudem
1041 1596 1189 1661 reseram
1212 1594 1307 1677 quod
1321 1598 1358 1662 in

386 1683 598 1766 'adornandis
618 1700 682 1764 sibi
710 1700 1045 1782 oppositisqtlueibns
1067 1705 1173 1770 Caesar
1194 1705 1360 1772 delectari

388 1809 599 1889 plerumque
616 1807 792 1889 videatur,
809 1807 870 1888 qni
887 1815 981 1872 certe
993 1827 1065 1874 non
1080 1811 1261 1894 ignorabat
1276 1831 1360 1878 eum

386 1913 611 1996 semetipsum
622 1907 787 1978 extollere
800 1914 1042 1994 quitteviotttm
1055 1917 1190 1980 hostem
1206 1917 1358 1984 extollat.

388 2019 473 2084 llnio
490 2026 605 2106 tamen
621 2017 737 2084 Gallus
749 2027 861 2103 grates
874 2020 1048 2084 habendas
1061 2039 1186 2086 censeo
1197 2025 1291 2103 quod
1303 2015 1362 2110 ge-

390 2125 652 2189 nerosissimum
683 2125 777 2188 hotto
805 2125 966 2205 juvenem
988 2126 1126 2191 sibimet
1146 2129 1212 2210 ipsi
1234 2130 1358 2212 peritia

393 2231 490 2309 belli,
507 2231 729 2312 tortitudine,
745 2231 920 2315 diligentia
939 2234 1003 2313 (sit
1017 2236 1119 2300 venia
1130 2235 1232 2302 dietis
1244 2239 1361 2310 [haud

392 2338 580 2419 imparem,
612 2339 915 2421 magnanimitate,
932 2343 1047 2422 patriae
1069 2359 1188 2410 amore
1206 2346 1360 2426 (utinam

380 2445 527 2508 tortuna
548 2445 697 2528 etiami)
715 2452 810 2512 certe
833 2447 1067 2532 superiorem,
1094 2448 1243 2518 ilebilern
1260 2455 1360 2520 nobis

391 2559 424 2614 et
439 2545 645 2631 colentum,
675 2553 989 2638 Vercingetorigem
1014 2558 1104 2621 clara
1133 2559 1190 2624 illa
1204 2570 1362 2643 puraque

434 2841 481 2924 (l)
499 2839 570 2900 itta.
589 2845 651 2916 ΙΙΙ,
668 2845 716 2902 tt.

434 2947 480 3028 (2)
503 2947 602 3006 «L'on
622 2969 663 3008 ne
680 2961 754 3029 peut
775 2963 838 3032 que
862 2953 1036 3014 detestans
1052 2943 1200 3044 oondnite
1219 2981 1280 3040 que
1301 2963 1362 3020 tint

394 3055 488 3112 Cesar
501 3064 607 3112 contre
617 3056 646 3114 le
658 3059 746 3117 senat
761 3059 799 3117 de
808 3061 940 3118 Vannes.
957 3062 1015 3119 Ces
1027 3065 1157 3142 peuples
1169 3085 1209 3124 ne
1219 3066 1361 3126 s'etaient

394 3164 486 3241 point
499 3164 645 3236 revoltes3
660 3167 696 3224 ils
711 3170 834 3228 avaient
843 3168 949 3226 fourni
960 3170 1013 3228 des
1023 3180 1145 3250 otages,
1157 3178 1279 3236 avaient
1291 3195 1362 3254 pro-

393 3272 453 3327 mis
467 3271 505 3329 de
527 3271 607 3331 vivre
625 3274 825 3351 tranquilles3
846 3275 925 3331 mais
940 3273 976 3333 ils
996 3278 1112 3336 etaient
1125 3298 1164 3338 en
1187 3282 1361 3360 possession

393 3373 432 3431 de
445 3381 534 3434 toute
551 3375 618 3432 leur
633 3373 741 3434 liberte
757 3386 788 3434 et
804 3379 841 3436 de
860 3386 929 3435 tous
949 3379 1031 3437 leurs
1051 3382 1155 3440 droits.
1176 3385 1215 3441 Ils
1236 3387 1367 3443 avaient

394 3480 497 3538 donne
515 3481 578 3539 lieu
592 3479 614 3556 ia¹
626 3483 719 3541 Cesar
733 3483 771 3540 de
786 3485 852 3543 leur
870 3483 946 3544 saire
963 3486 993 3544 la
1013 3507 1137 3566 guerre,
1159 3508 1230 3548 sans
1247 3492 1359 3570 doute,
1476 3511 1480 3519 ·

393 3586 472 3641 mais
487 3603 549 3643 non
566 3587 604 3644 de
615 3588 710 3647 violer
725 3588 754 3645 le
775 3588 856 3646 droit
873 3589 925 3648 des
940 3609 1015 3668 gens
1025 3594 1044 3651 a
1054 3595 1123 3652 leur
1140 3596 1234 3672 sigerd
1251 3604 1283 3656 et
1295 3587 1359 3655 d'a-

393 3687 485 3746 buser
503 3688 540 3749 de
558 3687 587 3747 la
610 3693 736 3749 victoire
758 3689 850 3749 d'une
872 3697 1014 3753 manitre
1035 3699 1117 3754 aussi
1135 3707 1251 3759 atroce.
1269 3703 1358 3761 Cette

393 3798 541 3855 conduile
560 3797 666 3858 n'evatt
679 3821 735 3880 pas
744 3803 848 3877 juste3
869 3805 928 3862 elle
945 3807 1020 3864 etait
1040 3825 1151 3868 encore
1166 3814 1268 3870 moins
1283 3815 1359 3891 poli-

393 3906 479 3984 tique
492 3929 520 3962 s.

433 4014 605 4090 Napoleon,
624 4013 715 4071 Prdcis
730 4015 775 4072 des
794 4035 906 4092 guerrae
921 4018 953 4075 de
965 4018 994 4076 J.
1018 4015 1120 4092 Ct'tar,
1135 4040 1165 4098 p.
1182 4019 1229 4078 52.
