3062 5230
581 480 741 542 ss-:tt—

182 627 263 683 oem
280 655 288 690 ,
306 612 399 691 quoti
416 611 545 690 beilum
560 612 822 684 continuaretur
836 659 845 695 ,
859 632 983 694 neque
999 611 1146 696 promis-

182 733 293 788 suma
307 715 433 782 (lesere
445 716 651 799 donativum
668 718 773 788 etiam
797 721 1001 802 accepisset,
1025 720 1147 786 adrer-

182 839 240 884 sus
256 821 362 888 duces
377 822 555 902 rebellasse
569 821 632 904 (1).

224 931 306 1012 oue
323 931 441 1014 omnia
456 933 516 1017 qui
531 931 674 1003 mutilos
690 950 763 998 esse
786 933 975 1002 Caesarisne
990 935 1082 1002 betto
1098 931 1147 1000 ci-

182 1036 244 1110 rili
252 1037 521 1112 commentarios
539 1037 844 1118 animadverterit,
863 1039 951 1106 torte
964 1040 1148 1112 contendet

183 1143 342 1209 accesere
357 1144 483 1216 relata.
508 1142 719 1224 casualiquo
743 1143 916 1216 excidisse.
935 1143 1059 1214 Mirum
1074 1162 1149 1212 om-

184 1248 269 1316 niuo
285 1294 295 1331 ,
315 1251 437 1329 fateor,
466 1267 577 1334 quum
596 1250 692 1326 uuila
708 1269 750 1317 ex
766 1252 807 1315 iis
823 1249 1095 1332 exciderintquae
1107 1250 1151 1316 ad

185 1353 321 1419 taudem
351 1356 574 1436 pertinerent.
603 1353 669 1424 Sed
696 1354 761 1420 etia
782 1363 886 1436 suut,
913 1363 949 1421 et
973 1357 1147 1438 graviore,

184 1478 258 1538 quc
270 1504 280 1540 ,
294 1461 452 1526 distincta
476 1461 717 1544 temporibus,
742 1463 857 1544 operis
870 1462 991 1530 ordine
1009 1461 1099 1527 iuter
1114 1478 1151 1524 se

182 1564 348 1648 discursu,
366 1564 508 1650 integris
516 1567 762 1652 omnibusque
778 1567 1025 1652 circumstant,
1040 1567 1148 1651 omit-

180 1675 313 1756 tuntur.
986 1737 989 1744 ,
1044 1741 1047 1748 ,

220 1778 283 1859 ita,
295 1779 459 1864 aiegibus
470 1788 614 1850 cautum
623 1798 735 1862 quum
746 1788 883 1847 essetut
894 1799 1001 1860 sacer,
1015 1781 1151 1864 diisque

179 1880 297 1966 inieris
309 1883 456 1952 devotus
468 1892 560 1950 esset
569 1885 784 1970 quicumque
796 1905 879 1952 cum
891 1885 1064 1966 exercitu,
1079 1903 1152 1954 uua

180 1992 285 2062 etiam
302 2014 385 2059 cum
406 1996 549 2060 cohorte
563 2038 572 2074 ,
588 1994 807 2074 Rubiconem
818 1994 952 2060 flumen
964 1992 1153 2066 transiisset

178 2100 275 2182 quod
290 2100 434 2167 Gaiiiam
447 2101 491 2166 ab
501 2099 785 2168 ltalia'diridebat
801 2103 868 2185 (2),
897 2105 1034 2167 constat
1049 2097 1152 2178 Cerea·¹

179 2223 273 2290 rem,
287 2206 419 2286 beilum
432 2225 541 2293 quum
552 2209 620 2288 jam
634 2209 792 2274 interret.
814 2227 852 2273 re
867 2213 1091 2290 permotum,
1107 2203 1151 2272 ad
1172 2257 1178 2270 .

180 2311 293 2394 ripam
315 2311 466 2382 fluminis
489 2313 706 2395 constitisse,
728 2333 770 2380 ac
793 2321 1015 2396 reputantem
1042 2329 1151 2394 quan·

181 2424 258 2484 tum
271 2419 454 2494 moliretur
466 2463 480 2499 ,
492 2420 619 2507 hec-ud
632 2419 810 2502 proximos
825 2419 874 2502 (3)
889 2419 1015 2506 dixisse
1032 2440 1040 2480 :

226 2524 357 2596 «Etiam
370 2543 465 2620 nuuc
482 2524 617 2607 regredi
629 2541 831 2606 possumus:
848 2520 980 2602 quodsi
994 2520 1152 2614 ponticu-

182 2634 255 2720 ium
270 2633 527 2716 transierimus,
545 2632 663 2698 omnia
677 2633 782 2698 ermis
795 2629 927 2715 agenda
939 2636 1044 2719 erunt
1057 2654 1073 2685 »
1091 2627 1151 2714 (t).

222 2743 290 2808 Nec
305 2742 418 2807 mutto
431 2747 531 2824 post:

225 2873 241 2906 ι
256 2850 352 2914 tacte
365 2847 440 2912 alea
460 2853 545 2912 esto.
561 2832 576 2904 ἱ»

221 2956 330 3031 Quam
341 2962 459 3020 tamen
471 2955 588 3038 legum
601 2951 845 3038 religionisque
858 2970 900 3014 ex
914 2952 1063 3034 cogitato
1076 2968 1147 3021 ese

183 3063 345 3144 violatam
358 3062 592 3143 maiestatem,
602 3057 713 3140 utqui
722 3075 767 3120 ne
778 3055 992 3122 Rubiconem
1005 3055 1148 3134 quidem

183 3165 429 3259 nominaverit,
444 3164 550 3231 Cesar
560 3158 788 3251 praetermisit.
816 3159 865 3222 tta
882 3157 1026 3222 enimin
1050 3157 1152 3232 comt

184 3272 384 3344 menteriis3

227 3488 274 3569 (1)
299 3491 375 3568 tpp.
387 3489 438 3544 loc.
450 3486 524 3548 taut
538 3518 578 3530 -
587 3485 674 3546 Suet.
687 3484 716 3542 io
735 3479 822 3555 Cer„
834 3481 885 3544 69.

230 3595 275 3678 (5)
299 3599 343 3655 De
359 3615 422 3673 quo
432 3595 532 3674 operis
547 3602 656 3652 auctor·
670 3593 722 3651 ille
734 3599 838 3650 noster
849 3587 997 3666 legendus
1008 3584 1094 3666 quod
1104 3586 1152 3642 in-

188 3708 347 3772 scribitur:
367 3705 515 3764 Grandem
536 3710 562 3758 et
575 3701 718 3784 decederem
732 3701 779 3758 des
795 3697 949 3769 Romaim,
964 3695 1014 3756 ch.
1033 3694 1081 3754 11.

230 3812 277 3894 (3)
299 3814 472 3888 lutcrquos
501 3810 621 3868 Asinius
638 3809 735 3866 Potito
760 3807 814 3884 qui
831 3806 889 3864 ista
908 3823 964 3882 pro
985 3821 1041 3863 sua
1065 3810 1153 3882 perte

189 3926 380 3989 narraveram
395 3915 479 3974 undo
491 3935 538 3974 rcs
549 3915 588 3974 od
600 3914 674 3973 ulios
688 3912 796 3993 procul
811 3908 908 3970 dubio
925 3908 1044 3987 perlata
1054 3913 1113 3989 cst..

234 4024 279 4108 (it)
296 4026 382 4084 Suet.
399 4023 428 4080 in
445 4021 565 4095 cesar„
583 4022 630 4078 tt.
