<?xml version="1.0" encoding="UTF-8"?>
<!DOCTYPE html PUBLIC "-//W3C//DTD XHTML 1.0 Transitional//EN"
    "http://www.w3.org/TR/xhtml1/DTD/xhtml1-transitional.dtd">
<html xmlns="http://www.w3.org/1999/xhtml" xml:lang="en" lang="en">
 <head>
  <title>
</title>
<meta http-equiv="Content-Type" content="text/html;charset=utf-8" />
  <meta name='ocr-system' content='tesseract 3.04.00' />
  <meta name='ocr-capabilities' content='ocr_page ocr_carea ocr_par ocr_line ocrx_word'/>
</head>
<body>
  <div class='ocr_page' id='page_1' title='image "./decaesarereruma00henngoog_0049.png"; bbox 0 0 3062 5230; ppageno 0'>
   <div class='ocr_carea' id='block_1_1' title="bbox 581 1365 1164 1415">
    <p class='ocr_par' dir='ltr' id='par_1_1' title="bbox 581 1365 1164 1415">
     <span class='ocr_line' id='line_1_1' title="bbox 581 1365 1164 1415; baseline 0.014 -13"><span class='ocrx_word' id='word_1_1' title='bbox 581 1365 642 1415; x_wconf 61' lang='grc' dir='ltr'><strong>(ΝΕ</strong></span> <span class='ocrx_word' id='word_1_2' title='bbox 659 1366 731 1412; x_wconf 67' lang='lat' dir='ltr'><strong>tent</strong></span> <span class='ocrx_word' id='word_1_3' title='bbox 746 1366 838 1412; x_wconf 65' lang='lat' dir='ltr'>CAESAR</span> <span class='ocrx_word' id='word_1_4' title='bbox 851 1366 1098 1411; x_wconf 50' lang='lat' dir='ltr'><strong>turttrtctvuntrt</strong></span> <span class='ocrx_word' id='word_1_5' title='bbox 1161 1403 1164 1410; x_wconf 92' lang='lat'><em>.</em></span> 
     </span>
    </p>
   </div>
   <div class='ocr_carea' id='block_1_2' title="bbox 280 1741 1329 3438">
    <p class='ocr_par' dir='ltr' id='par_1_2' title="bbox 399 1741 1327 1848">
     <span class='ocr_line' id='line_1_2' title="bbox 399 1741 1327 1848; baseline -0.004 -20"><span class='ocrx_word' id='word_1_6' title='bbox 399 1741 627 1846; x_wconf 69' lang='lat' dir='ltr'><strong>bntiquorurn</strong></span> <span class='ocrx_word' id='word_1_7' title='bbox 648 1764 806 1848; x_wconf 76' lang='lat' dir='ltr'><strong>plerique</strong></span> <span class='ocrx_word' id='word_1_8' title='bbox 827 1764 944 1828; x_wconf 83' lang='lat' dir='ltr'><strong>omnia</strong></span> <span class='ocrx_word' id='word_1_9' title='bbox 957 1782 1067 1843; x_wconf 88' lang='lat' dir='ltr'><strong>quum</strong></span> <span class='ocrx_word' id='word_1_10' title='bbox 1086 1766 1242 1844; x_wconf 83' lang='lat' dir='ltr'><strong>soleant,</strong></span> <span class='ocrx_word' id='word_1_11' title='bbox 1260 1785 1327 1832; x_wconf 81' lang='lat' dir='ltr'><strong>nu..</strong></span> 
     </span>
    </p>

    <p class='ocr_par' dir='ltr' id='par_1_3' title="bbox 280 1867 1328 1960">
     <span class='ocr_line' id='line_1_3' title="bbox 280 1867 1328 1960; baseline 0.002 -22"><span class='ocrx_word' id='word_1_12' title='bbox 280 1867 284 1878; x_wconf 80' lang='grc'><em>’</em></span> <span class='ocrx_word' id='word_1_13' title='bbox 360 1881 474 1960; x_wconf 82' lang='lat' dir='ltr'><strong>meros</strong></span> <span class='ocrx_word' id='word_1_14' title='bbox 485 1877 686 1960; x_wconf 77' lang='lat' dir='ltr'><strong>prasertim,</strong></span> <span class='ocrx_word' id='word_1_15' title='bbox 708 1875 1024 1960; x_wconf 80' lang='lat' dir='ltr'><strong>aliquoverborum</strong></span> <span class='ocrx_word' id='word_1_16' title='bbox 1043 1885 1182 1944; x_wconf 86' lang='lat' dir='ltr'><strong>tumore</strong></span> <span class='ocrx_word' id='word_1_17' title='bbox 1203 1879 1328 1959; x_wconf 62' lang='lat' dir='ltr'><strong>empti,</strong></span> 
     </span>
    </p>

    <p class='ocr_par' dir='ltr' id='par_1_4' title="bbox 359 1977 1326 2169">
     <span class='ocr_line' id='line_1_4' title="bbox 359 1977 1326 2060; baseline 0.006 -17"><span class='ocrx_word' id='word_1_18' title='bbox 359 1977 478 2060; x_wconf 82' lang='lat' dir='ltr'><strong>ficare3</strong></span> <span class='ocrx_word' id='word_1_19' title='bbox 499 1982 592 2048; x_wconf 88' lang='lat' dir='ltr'><strong>hunc</strong></span> <span class='ocrx_word' id='word_1_20' title='bbox 604 1982 819 2060; x_wconf 73' lang='lat' dir='ltr'><strong>Cesarnobis</strong></span> <span class='ocrx_word' id='word_1_21' title='bbox 830 1985 1047 2050; x_wconf 85' lang='lat' dir='ltr'><strong>nonvidetur</strong></span> <span class='ocrx_word' id='word_1_22' title='bbox 1058 1983 1223 2056; x_wconf 86' lang='lat' dir='ltr'><strong>morbum</strong></span> <span class='ocrx_word' id='word_1_23' title='bbox 1240 1983 1326 2049; x_wconf 82' lang='lat' dir='ltr'><strong>eiiu-</strong></span> 
     </span>
     <span class='ocr_line' id='line_1_5' title="bbox 359 2085 455 2169; baseline 0.042 -20"><span class='ocrx_word' id='word_1_24' title='bbox 359 2085 455 2169; x_wconf 84' lang='lat' dir='ltr'><strong>gisse.</strong></span> 
     </span>
    </p>

    <p class='ocr_par' dir='ltr' id='par_1_5' title="bbox 359 2192 1329 2800">
     <span class='ocr_line' id='line_1_6' title="bbox 400 2192 1327 2278; baseline 0.001 -23"><span class='ocrx_word' id='word_1_25' title='bbox 400 2193 461 2255; x_wconf 87' lang='lat' dir='ltr'><strong>Vix</strong></span> <span class='ocrx_word' id='word_1_26' title='bbox 474 2194 639 2258; x_wconf 82' lang='lat' dir='ltr'>credibile</span> <span class='ocrx_word' id='word_1_27' title='bbox 652 2204 714 2276; x_wconf 89' lang='lat' dir='ltr'><strong>est,</strong></span> <span class='ocrx_word' id='word_1_28' title='bbox 724 2196 819 2261; x_wconf 84' lang='lat' dir='ltr'><strong>verbi</strong></span> <span class='ocrx_word' id='word_1_29' title='bbox 831 2213 945 2278; x_wconf 87' lang='lat' dir='ltr'><strong>eausa,</strong></span> <span class='ocrx_word' id='word_1_30' title='bbox 962 2213 1031 2268; x_wconf 87' lang='lat' dir='ltr'><strong>una</strong></span> <span class='ocrx_word' id='word_1_31' title='bbox 1044 2196 1183 2278; x_wconf 76' lang='lat' dir='ltr'><strong>hyeme,</strong></span> <span class='ocrx_word' id='word_1_32' title='bbox 1198 2192 1327 2260; x_wconf 74' lang='lat' dir='ltr'><strong>milites</strong></span> 
     </span>
     <span class='ocr_line' id='line_1_7' title="bbox 360 2299 1323 2386; baseline -0.004 -22"><span class='ocrx_word' id='word_1_33' title='bbox 360 2299 463 2382; x_wconf 90' lang='lat' dir='ltr'><strong>hujus</strong></span> <span class='ocrx_word' id='word_1_34' title='bbox 477 2303 590 2383; x_wconf 85' lang='lat' dir='ltr'><strong>operis</strong></span> <span class='ocrx_word' id='word_1_35' title='bbox 604 2303 795 2386; x_wconf 88' lang='lat' dir='ltr'><strong>imperitos,</strong></span> <span class='ocrx_word' id='word_1_36' title='bbox 804 2304 840 2370; x_wconf 91' lang='lat' dir='ltr'><strong>in</strong></span> <span class='ocrx_word' id='word_1_37' title='bbox 849 2320 997 2382; x_wconf 84' lang='lat' dir='ltr'><strong>summa,</strong></span> <span class='ocrx_word' id='word_1_38' title='bbox 1010 2308 1050 2367; x_wconf 92' lang='lat' dir='ltr'><strong>ut</strong></span> <span class='ocrx_word' id='word_1_39' title='bbox 1059 2301 1163 2368; x_wconf 84' lang='lat' dir='ltr'><strong>Caesar</strong></span> <span class='ocrx_word' id='word_1_40' title='bbox 1174 2299 1232 2378; x_wconf 87' lang='lat' dir='ltr'><strong>ait,</strong></span> <span class='ocrx_word' id='word_1_41' title='bbox 1243 2315 1323 2362; x_wconf 90' lang='lat' dir='ltr'><strong>om-</strong></span> 
     </span>
     <span class='ocr_line' id='line_1_8' title="bbox 360 2402 1325 2494; baseline -0.004 -24"><span class='ocrx_word' id='word_1_42' title='bbox 360 2407 459 2472; x_wconf 84' lang='lat' dir='ltr'><strong>nium</strong></span> <span class='ocrx_word' id='word_1_43' title='bbox 474 2427 593 2474; x_wconf 90' lang='lat' dir='ltr'><strong>rerum</strong></span> <span class='ocrx_word' id='word_1_44' title='bbox 601 2409 788 2494; x_wconf 85' lang='lat' dir='ltr'><strong>inopia(l)‚</strong></span> <span class='ocrx_word' id='word_1_45' title='bbox 799 2427 903 2478; x_wconf 79' lang='lat' dir='ltr'><strong>nates</strong></span> <span class='ocrx_word' id='word_1_46' title='bbox 915 2409 1085 2487; x_wconf 80' lang='lat' dir='ltr'><strong>actuarias</strong></span> <span class='ocrx_word' id='word_1_47' title='bbox 1102 2408 1147 2490; x_wconf 71' lang='lat' dir='ltr'><strong>(i)</strong></span> <span class='ocrx_word' id='word_1_48' title='bbox 1160 2405 1227 2481; x_wconf 83' lang='lat' dir='ltr'><strong>bc,</strong></span> <span class='ocrx_word' id='word_1_49' title='bbox 1245 2402 1325 2469; x_wconf 89' lang='lat' dir='ltr'><strong>lon-.</strong></span> 
     </span>
     <span class='ocr_line' id='line_1_9' title="bbox 361 2509 1325 2600; baseline -0.006 -20"><span class='ocrx_word' id='word_1_50' title='bbox 361 2533 420 2598; x_wconf 84' lang='lat' dir='ltr'><strong>gas</strong></span> <span class='ocrx_word' id='word_1_51' title='bbox 434 2516 617 2600; x_wconf 82' lang='lat' dir='ltr'><strong>(3)xxv1u</strong></span> <span class='ocrx_word' id='word_1_52' title='bbox 635 2517 850 2600; x_wconf 72' lang='lat' dir='ltr'><strong>instruxisse,</strong></span> <span class='ocrx_word' id='word_1_53' title='bbox 869 2515 968 2599; x_wconf 82' lang='lat' dir='ltr'>queis</span> <span class='ocrx_word' id='word_1_54' title='bbox 987 2514 1142 2597; x_wconf 88' lang='lat' dir='ltr'><strong>quinque</strong></span> <span class='ocrx_word' id='word_1_55' title='bbox 1161 2509 1325 2594; x_wconf 83' lang='lat' dir='ltr'><strong>legiones,</strong></span> 
     </span>
     <span class='ocr_line' id='line_1_10' title="bbox 361 2613 1329 2704; baseline -0.012 -18"><span class='ocrx_word' id='word_1_56' title='bbox 361 2622 431 2687; x_wconf 92' lang='lat' dir='ltr'><strong>duo</strong></span> <span class='ocrx_word' id='word_1_57' title='bbox 444 2623 552 2687; x_wconf 85' lang='lat' dir='ltr'><strong>miliia</strong></span> <span class='ocrx_word' id='word_1_58' title='bbox 565 2624 965 2704; x_wconf 76' lang='lat' dir='ltr'><strong>equitumeommeatus,</strong></span> <span class='ocrx_word' id='word_1_59' title='bbox 980 2625 1155 2687; x_wconf 80' lang='lat' dir='ltr'><strong>tormenta</strong></span> <span class='ocrx_word' id='word_1_60' title='bbox 1165 2613 1329 2688; x_wconf 32' lang='lat' dir='ltr'><strong>belliue-1</strong></span> 
     </span>
     <span class='ocr_line' id='line_1_11' title="bbox 359 2728 792 2800; baseline -0.002 -6"><span class='ocrx_word' id='word_1_61' title='bbox 359 2728 514 2794; x_wconf 80' lang='lat' dir='ltr'><strong>tanniam</strong></span> <span class='ocrx_word' id='word_1_62' title='bbox 527 2729 792 2800; x_wconf 73' lang='lat' dir='ltr'><strong>adveherentur.</strong></span> 
     </span>
    </p>

    <p class='ocr_par' dir='ltr' id='par_1_6' title="bbox 358 2828 1327 3438">
     <span class='ocr_line' id='line_1_12' title="bbox 401 2828 1327 2917; baseline -0.002 -23"><span class='ocrx_word' id='word_1_63' title='bbox 401 2832 638 2898; x_wconf 82' lang='lat' dir='ltr'><strong>incredibilius</strong></span> <span class='ocrx_word' id='word_1_64' title='bbox 652 2834 754 2899; x_wconf 88' lang='lat' dir='ltr'><strong>etiam</strong></span> <span class='ocrx_word' id='word_1_65' title='bbox 769 2840 804 2897; x_wconf 88' lang='lat' dir='ltr'><strong>et</strong></span> <span class='ocrx_word' id='word_1_66' title='bbox 813 2833 992 2917; x_wconf 81' lang='lat' dir='ltr'><strong>gigantum</strong></span> <span class='ocrx_word' id='word_1_67' title='bbox 1005 2831 1148 2896; x_wconf 91' lang='lat' dir='ltr'><strong>omnino</strong></span> <span class='ocrx_word' id='word_1_68' title='bbox 1161 2828 1252 2894; x_wconf 90' lang='lat' dir='ltr'><strong>vires</strong></span> <span class='ocrx_word' id='word_1_69' title='bbox 1270 2847 1327 2892; x_wconf 86' lang='lat' dir='ltr'><strong>ex-</strong></span> 
     </span>
     <span class='ocr_line' id='line_1_13' title="bbox 361 2938 1327 3024; baseline -0.002 -18"><span class='ocrx_word' id='word_1_70' title='bbox 361 2942 460 3008; x_wconf 86' lang='lat' dir='ltr'><strong>cedat</strong></span> <span class='ocrx_word' id='word_1_71' title='bbox 476 2941 569 3023; x_wconf 88' lang='lat' dir='ltr'><strong>quod</strong></span> <span class='ocrx_word' id='word_1_72' title='bbox 592 2948 709 3006; x_wconf 84' lang='lat' dir='ltr'><strong>narrat</strong></span> <span class='ocrx_word' id='word_1_73' title='bbox 724 2963 731 3004; x_wconf 93' lang='lat'>:</span> <span class='ocrx_word' id='word_1_74' title='bbox 744 2960 851 3006; x_wconf 88' lang='lat' dir='ltr'><strong>unam</strong></span> <span class='ocrx_word' id='word_1_75' title='bbox 867 2940 1039 3024; x_wconf 82' lang='lat' dir='ltr'><strong>legionem</strong></span> <span class='ocrx_word' id='word_1_76' title='bbox 1054 2942 1096 3005; x_wconf 87' lang='lat' dir='ltr'><strong>ab</strong></span> <span class='ocrx_word' id='word_1_77' title='bbox 1110 2938 1327 3004; x_wconf 80' lang='lat' dir='ltr'><strong>Eburonibus</strong></span> 
     </span>
     <span class='ocr_line' id='line_1_14' title="bbox 358 3043 1325 3133; baseline -0.005 -21"><span class='ocrx_word' id='word_1_78' title='bbox 358 3046 556 3130; x_wconf 83' lang='lat' dir='ltr'><strong>Nerviisque</strong></span> <span class='ocrx_word' id='word_1_79' title='bbox 570 3055 818 3133; x_wconf 86' lang='lat' dir='ltr'><strong>oppugnatam,</strong></span> <span class='ocrx_word' id='word_1_80' title='bbox 844 3065 915 3112; x_wconf 84' lang='lat' dir='ltr'><strong>nna</strong></span> <span class='ocrx_word' id='word_1_81' title='bbox 929 3052 1043 3126; x_wconf 88' lang='lat' dir='ltr'><strong>nocte,</strong></span> <span class='ocrx_word' id='word_1_82' title='bbox 1070 3066 1113 3111; x_wconf 86' lang='lat' dir='ltr'><strong>ex</strong></span> <span class='ocrx_word' id='word_1_83' title='bbox 1130 3063 1171 3110; x_wconf 84' lang='lat' dir='ltr'><strong>ee</strong></span> <span class='ocrx_word' id='word_1_84' title='bbox 1181 3043 1325 3108; x_wconf 87' lang='lat' dir='ltr'><strong>materia</strong></span> 
     </span>
     <span class='ocr_line' id='line_1_15' title="bbox 361 3155 1327 3239; baseline 0.001 -18"><span class='ocrx_word' id='word_1_85' title='bbox 361 3173 466 3238; x_wconf 86' lang='lat' dir='ltr'><strong>quam</strong></span> <span class='ocrx_word' id='word_1_86' title='bbox 480 3155 684 3222; x_wconf 89' lang='lat' dir='ltr'><strong>munitionis</strong></span> <span class='ocrx_word' id='word_1_87' title='bbox 698 3174 799 3222; x_wconf 87' lang='lat' dir='ltr'><strong>causa</strong></span> <span class='ocrx_word' id='word_1_88' title='bbox 812 3164 1101 3239; x_wconf 83' lang='lat' dir='ltr'><strong>comportaverat,</strong></span> <span class='ocrx_word' id='word_1_89' title='bbox 1121 3163 1235 3222; x_wconf 87' lang='lat' dir='ltr'><strong>turres</strong></span> <span class='ocrx_word' id='word_1_90' title='bbox 1251 3155 1327 3228; x_wconf 82' lang='lat' dir='ltr'><strong>CXX</strong></span> 
     </span>
     <span class='ocr_line' id='line_1_16' title="bbox 360 3261 1324 3347; baseline 0 -23"><span class='ocrx_word' id='word_1_91' title='bbox 360 3263 525 3332; x_wconf 83' lang='lat' dir='ltr'><strong>excitasse</strong></span> <span class='ocrx_word' id='word_1_92' title='bbox 545 3261 604 3347; x_wconf 85' lang='lat' dir='ltr'><strong>(t),</strong></span> <span class='ocrx_word' id='word_1_93' title='bbox 623 3281 700 3346; x_wconf 85' lang='lat' dir='ltr'><strong>quae</strong></span> <span class='ocrx_word' id='word_1_94' title='bbox 714 3263 873 3334; x_wconf 87' lang='lat' dir='ltr'><strong>maximis</strong></span> <span class='ocrx_word' id='word_1_95' title='bbox 893 3262 1125 3332; x_wconf 86' lang='lat' dir='ltr'><strong>obsidentium</strong></span> <span class='ocrx_word' id='word_1_96' title='bbox 1138 3262 1324 3336; x_wconf 86' lang='lat' dir='ltr'><strong>conatibus</strong></span> 
     </span>
     <span class='ocr_line' id='line_1_17' title="bbox 361 3372 567 3438; baseline 0.015 -3"><span class='ocrx_word' id='word_1_97' title='bbox 361 3372 567 3438; x_wconf 84' lang='lat' dir='ltr'><strong>resisterent.</strong></span> 
     </span>
    </p>
   </div>
   <div class='ocr_carea' id='block_1_3' title="bbox 464 3689 1098 3884">
    <p class='ocr_par' dir='ltr' id='par_1_7' title="bbox 464 3689 1098 3884">
     <span class='ocr_line' id='line_1_18' title="bbox 465 3689 766 3764; baseline -0.027 -9"><span class='ocrx_word' id='word_1_98' title='bbox 465 3695 510 3755; x_wconf 83' lang='lat' dir='ltr'><strong>De</strong></span> <span class='ocrx_word' id='word_1_99' title='bbox 527 3695 578 3752; x_wconf 72' lang='lat' dir='ltr'><strong>tet.</strong></span> <span class='ocrx_word' id='word_1_100' title='bbox 602 3692 669 3751; x_wconf 79' lang='lat' dir='ltr'><strong>Gai.</strong></span> <span class='ocrx_word' id='word_1_101' title='bbox 685 3692 720 3764; x_wconf 84' lang='lat' dir='ltr'><strong>V,</strong></span> <span class='ocrx_word' id='word_1_102' title='bbox 739 3689 766 3748; x_wconf 75' lang='lat'><strong>2.</strong></span> 
     </span>
     <span class='ocr_line' id='line_1_19' title="bbox 464 3791 1098 3884; baseline -0.022 -25"><span class='ocrx_word' id='word_1_103' title='bbox 464 3801 542 3874; x_wconf 86' lang='lat' dir='ltr'><strong>Quae</strong></span> <span class='ocrx_word' id='word_1_104' title='bbox 558 3799 631 3859; x_wconf 86' lang='lat' dir='ltr'><strong>velis</strong></span> <span class='ocrx_word' id='word_1_105' title='bbox 647 3807 678 3855; x_wconf 89' lang='lat' dir='ltr'><strong>et</strong></span> <span class='ocrx_word' id='word_1_106' title='bbox 694 3797 787 3855; x_wconf 89' lang='lat' dir='ltr'><strong>remis</strong></span> <span class='ocrx_word' id='word_1_107' title='bbox 804 3794 898 3852; x_wconf 89' lang='lat' dir='ltr'><strong>simul</strong></span> <span class='ocrx_word' id='word_1_108' title='bbox 914 3791 1098 3884; x_wconf 83' lang='lat' dir='ltr'><strong>agebantur.</strong></span> 
     </span>
    </p>
   </div>
   <div class='ocr_carea' id='block_1_4' title="bbox 416 3694 1041 4101">
    <p class='ocr_par' dir='ltr' id='par_1_8' title="bbox 416 3694 447 3774">
     <span class='ocr_line' id='line_1_20' title="bbox 416 3694 447 3774; baseline 0 0"><span class='ocrx_word' id='word_1_109' title='bbox 416 3694 447 3774; x_wconf 82' lang='lat' dir='ltr'><strong>t)</strong></span> 
     </span>
    </p>

    <p class='ocr_par' dir='ltr' id='par_1_9' title="bbox 417 3799 449 3879">
     <span class='ocr_line' id='line_1_21' title="bbox 417 3799 449 3879; baseline -0.031 1"><span class='ocrx_word' id='word_1_110' title='bbox 417 3799 449 3879; x_wconf 76' lang='grc'><strong>2)</strong></span> 
     </span>
    </p>

    <p class='ocr_par' dir='ltr' id='par_1_10' title="bbox 417 3901 1041 4101">
     <span class='ocr_line' id='line_1_22' title="bbox 418 3901 1041 3990; baseline -0.022 -22"><span class='ocrx_word' id='word_1_111' title='bbox 418 3910 449 3990; x_wconf 81' lang='lat'><strong>3)</strong></span> <span class='ocrx_word' id='word_1_112' title='bbox 464 3911 543 3984; x_wconf 86' lang='lat' dir='ltr'><strong>Quae</strong></span> <span class='ocrx_word' id='word_1_113' title='bbox 557 3905 726 3983; x_wconf 81' lang='lat' dir='ltr'><strong>remigibus</strong></span> <span class='ocrx_word' id='word_1_114' title='bbox 743 3905 844 3964; x_wconf 91' lang='lat' dir='ltr'><strong>solum</strong></span> <span class='ocrx_word' id='word_1_115' title='bbox 860 3901 1041 3960; x_wconf 85' lang='lat' dir='ltr'><strong>utebantur.</strong></span> 
     </span>
     <span class='ocr_line' id='line_1_23' title="bbox 417 4015 783 4101; baseline -0.022 -22"><span class='ocrx_word' id='word_1_116' title='bbox 417 4019 448 4101; x_wconf 82' lang='lat' dir='ltr'><strong>lt)</strong></span> <span class='ocrx_word' id='word_1_117' title='bbox 464 4021 508 4086; x_wconf 79' lang='lat' dir='ltr'><strong>De</strong></span> <span class='ocrx_word' id='word_1_118' title='bbox 529 4017 716 4086; x_wconf 72' lang='lat' dir='ltr'><strong>deidati,</strong></span> <span class='ocrx_word' id='word_1_119' title='bbox 736 4015 783 4074; x_wconf 82' lang='lat' dir='ltr'><strong>tt.</strong></span> 
     </span>
    </p>
   </div>
   <div class='ocr_carea' id='block_1_5' title="bbox 325 3695 415 4110">
    <p class='ocr_par' dir='ltr' id='par_1_11' title="bbox 325 3695 415 4110">
     <span class='ocr_line' id='line_1_24' title="bbox 401 3695 413 3774; baseline 0 0"><span class='ocrx_word' id='word_1_120' title='bbox 401 3695 413 3774; x_wconf 83' lang='lat' dir='ltr'><strong>t</strong></span> 
     </span>
     <span class='ocr_line' id='line_1_25' title="bbox 325 3799 413 3878; baseline -0.023 2"><span class='ocrx_word' id='word_1_121' title='bbox 325 3799 413 3878; x_wconf 81' lang='lat' dir='ltr'><strong>-t</strong></span> 
     </span>
     <span class='ocr_line' id='line_1_26' title="bbox 403 3909 415 3990; baseline 0 0"><span class='ocrx_word' id='word_1_122' title='bbox 403 3909 415 3990; x_wconf 83' lang='lat' dir='ltr'><strong>t</strong></span> 
     </span>
     <span class='ocr_line' id='line_1_27' title="bbox 364 4020 413 4110; baseline -0.041 0"><span class='ocrx_word' id='word_1_123' title='bbox 364 4020 413 4110; x_wconf 50' lang='lat' dir='ltr'><strong>tt</strong></span> 
     </span>
    </p>
   </div>
   <div class='ocr_carea' id='block_1_6' title="bbox 0 0 1536 5220">
    <p class='ocr_par' dir='ltr' id='par_1_12' title="bbox 0 0 1536 5220">
     <span class='ocr_line' id='line_1_28' title="bbox 0 0 1536 5220; baseline 0 0"><span class='ocrx_word' id='word_1_124' title='bbox 0 0 1536 5220; x_wconf 95' lang='lat' dir='ltr'><strong> </strong></span> 
     </span>
    </p>
   </div>
  </div>
 </body>
</html>
