3062 5230
765 545 805 556 ..
826 507 867 574 64
888 543 928 556 ..

361 619 530 682 sexcentis
541 619 609 698 jam
620 635 728 699 prope
743 613 981 682 voluminibus
997 613 1197 696 adimpletis
1213 613 1274 697 (l),
1292 614 1335 682 lis

362 723 531 789 adhucsit
551 723 766 805 subjudice,
788 730 904 788 tamen
921 721 1084 787 omnibus
1110 721 1187 786 luce
1209 720 1336 786 clarius

362 835 536 912 est‚suum
549 828 590 892 iis
604 813 714 910 genus
724 826 972 912 etgentilitium
984 842 1114 890 nomen
1126 833 1161 890 et
1171 833 1335 892 naturam

363 953 448 1016 csse,
469 933 624 1000 etcuivis
637 933 752 1016 potius
774 951 881 1016 quam
896 933 1132 1000 Romanorum
1144 931 1334 1016 Mercurio,

361 1041 478 1119 Marti,
506 1037 673 1120 Apollini,
691 1037 835 1119 torique
856 1043 892 1102 et
907 1036 1062 1102 llinerro
1073 1034 1201 1100 similes
1217 1033 1338 1100 haberi

362 1163 472 1230 posse.
490 1145 528 1209 ld
545 1144 649 1212 etiam
670 1142 713 1208 ab
734 1141 898 1208 omnibus
911 1141 1069 1224 agnitum
1086 1142 1261 1206 videatur:
1278 1143 1335 1207 ul·

361 1249 855 1332 traillosrcrnaoulosetvulgo
863 1247 1144 1313 accommodatos
1152 1247 1234 1313 deos
1246 1267 1334 1331 quos

362 1359 468 1424 cesar
480 1373 627 1424 suorum
639 1359 682 1426 ad
697 1355 886 1440 imaginem
900 1354 1047 1437 effinxit,
1065 1354 1221 1422 numinis
1231 1355 1336 1421 alicu-

359 1466 414 1548 jus
442 1463 580 1546 majoris
612 1471 648 1529 et
674 1461 870 1528 excelsioris
902 1462 1056 1528 habitam
1098 1479 1119 1526 a
1153 1461 1334 1530 druidibus

362 1571 549 1652 quamdam
577 1570 748 1634 rationem
772 1587 865 1652 esse,
891 1586 996 1652 quam
1020 1585 1147 1635 arcano
1163 1577 1199 1633 et
1220 1567 1333 1634 initia-

360 1672 488 1740 mentis
508 1671 669 1738 adhibitis
697 1673 842 1740 selectos
873 1673 970 1738 omni
1008 1693 1028 1738 e
1057 1693 1208 1741 numero
1237 1677 1335 1757 iure·

360 1796 421 1845 nes
443 1777 576 1860 aliquot
589 1766 786 1844 edocerent.
813 1777 905 1846 lianc
927 1796 1011 1845 rero
1029 1798 1163 1845 sacram
1175 1788 1211 1845 et
1225 1799 1336 1847 sacer·

360 1888 511 1953 dotalem
524 1887 718 1955 doctrinam
731 1887 838 1954 Caesar
845 1889 1026 1968 quomodo
1041 1894 1257 1970 compertam
1271 1890 1334 1957 ha-

358 1993 501 2075 suisset,
516 1991 577 2075 qui
587 1994 630 2057 de
639 1993 680 2059 iis
693 1992 798 2058 etiam
810 2011 883 2074 que
895 2011 1034 2058 sacrum
1046 1993 1090 2058 ad
1103 1995 1238 2061 viscum
1252 2014 1332 2078 per-

359 2097 471 2168 tinent
494 2099 589 2166 siluit
605 2107 694 2166 elne
707 2099 881 2168 audivisse
909 2099 1054 2182 quidem
1068 2097 1253 2168 videatuir

401 2387 448 2470 (l)
463 2389 594 2468 Religion
608 2393 654 2452 das
673 2392 790 2471 Gooiois
799 2435 809 2466 ‚
829 2413 884 2475 par
900 2399 935 2456 Ι).
962 2398 1098 2468 Martin,
1116 2397 1212 2472 1727,
1228 2398 1245 2456 2
1264 2401 1327 2458 vol.

359 2498 451 2558 ln-tr.
467 2531 508 2544 —
529 2499 652 2560 Histoire
666 2502 711 2559 das
733 2497 841 2572 Colles,
868 2521 923 2582 par
938 2503 1126 2579 Pclloutier,
1145 2505 1235 2566 lvol.
1251 2507 1331 2568 intr

360 2605 484 2665 -Hist
500 2608 545 2666 des
560 2607 690 2679 Goulois,
703 2612 839 2689 parlim.
853 2611 991 2690 antony,
1009 2613 1025 2670 3
1039 2615 1098 2674 vol.
1111 2615 1193 2674 in-8⁰
1204 2648 1244 2658 -
1258 2616 1330 2674 Aras

361 2713 514 2789 imprimis
527 2715 678 2771 Parisinas
705 2715 807 2788 adeas,
823 2733 904 2794 quas
918 2718 1070 2794 Lemaire,
1081 2737 1138 2777 sua
1154 2719 1283 2780 Caesaris
1299 2722 1331 2782 iu

361 2817 508 2888 editione,
524 2819 692 2897 descripsit.
710 2822 744 2877 T.
761 2823 792 2891 Ι,
810 2840 842 2898 p.
859 2821 927 2881 255.
