3062 5230
762 459 921 522 ..gg-

404 611 420 644 «
443 589 585 674 Cognita
607 589 758 657 militum
788 591 984 672 voluntate,
1016 588 1179 673 (Caesar)
1207 589 1328 658 drimi-

360 694 461 760 uium
482 695 529 777 (l)
548 714 686 762 cumea
704 697 838 782 legione
858 693 1105 780 proficiscitur,
1123 694 1239 779 ibique
1265 696 1329 760 tri-

361 798 474 878 bunos
484 801 595 884 plebis
604 801 665 884 qui
676 803 720 868 ad
730 821 813 873 eum
828 802 1052 887 confugerant
1063 801 1225 872 convenit
1240 827 1255 859 ι
1268 801 1328 886 (i).

402 903 634 976 Casarssetiam
655 909 691 972 id
702 951 704 956 -
715 925 825 992 quum
851 907 1043 978 narraverit
1059 927 1096 974 se
1111 926 1190 974 suas
1208 925 1328 988 naves,

362 1015 514 1082 hostium
537 1033 582 1082 ne
601 1015 744 1100 terent,
765 1027 867 1100 portu
889 1015 926 1082 in
938 1018 1168 1084 Alexandrino
1191 1015 1330 1082 incendi

362 1121 497 1203 iussisse
519 1123 584 1206 (3),
602 1137 652 1188 oo
668 1121 748 1207 igne
767 1123 906 1189 reticuit
927 1121 1173 1190 bibliotheenm
1186 1121 1331 1186 Alexan·

364 1226 502 1308 drinam
521 1227 679 1293 ducentis
705 1236 741 1293 et
767 1226 917 1310 amplius
944 1225 1069 1294 abhinc
1098 1225 1196 1291 annis
1220 1224 1330 1291 Ptole-

363 1349 524 1400 meorum
556 1349 640 1400 eura
666 1341 771 1416 atque
794 1349 911 1416 opera
932 1341 1092 1414 auctam,
1122 1348 1216 1416 qua,
1241 1338 1328 1396 tune

364 1442 547 1524 temporis,
567 1440 786 1525 septingenta
802 1441 1021 1509 voluminum
1046 1439 1152 1506 millia
1184 1439 1337 1506 eontine-

364 1547 501 1631 bantur,
514 1547 767 1632 oondagrasse(
788 1548 813 1632 ).
908 1581 909 1588 κ
1332 1558 1336 1570 ’

405 1657 532 1724 Causas
546 1675 628 1723 vero
648 1657 753 1740 hujus
775 1656 993 1724 Alexandrini
1007 1657 1087 1724 belli
1110 1675 1131 1720 a
1155 1655 1285 1722 sesave
1305 1654 1333 1718 si

365 1765 541 1848 requiras,
566 1774 689 1832 tenues
709 1767 899 1834 admodum
921 1771 1088 1847 tantoque
1113 1765 1241 1829 ellectu
1257 1779 1334 1828 om-

365 1870 621 1941 niuo-minores
642 1872 804 1939 invenias.
825 1871 863 1936 ln
881 1868 1145 1936 Commentariis
1169 1867 1264 1932 enim
1284 1859 1334 1930 le-

367 1977 486 2062 gitur,
521 1975 797 2061 Alexandridos,
834 1995 945 2066 quum
974 1975 1092 2041 tesan
1119 1975 1277 2059 primum
1315 1993 1336 2038 e

366 2085 645 2169 nariegredienti
658 2085 767 2152 lasees
776 2087 1049 2164 anteferrentur,
1070 2082 1107 2148 id
1122 2098 1207 2166 tegre
1215 2081 1335 2147 tulisse

342 2207 439 2270 -quo
460 2195 673 2275 majestatem
693 2191 821 2274 regiam
845 2189 958 2255 minui
983 2189 1224 2273 praedicabant
1250 2184 1335 2250 llinc

368 2295 536 2362 clamores
558 2297 727 2378 exaudiri,
745 2295 979 2370 multitudinis
994 2315 1013 2361 e
1026 2309 1199 2367 oenoursu
1220 2289 1336 2356 eonci-

368 2398 516 2468 tationes
528 2389 623 2485 lieri,
646 2405 815 2472 Romanos
826 2401 1025 2496 complures
1036 2400 1177 2468 diversis
1190 2397 1285 2463 urbis
1299 2393 1337 2460 in

369 2509 526 2590 partibus
546 2511 697 2579 interfici
717 2513 785 2596 (t).
809 2513 916 2594 Tum,
934 2505 978 2578 de
995 2526 1102 2592 regno
1122 2507 1337 2588 Cleopatram

370 2614 463 2684 iuter
473 2626 508 2684 et
531 2620 753 2687 Ptolomaum
772 2620 914 2686 tratrem
938 2614 1043 2682 armis
1063 2631 1174 2696 quum
1194 2615 1339 2680 oenten-

371 2723 530 2805 deretur,
546 2732 583 2788 et
593 2725 702 2790 Cesar
712 2742 831 2806 regem
844 2723 997 2808 jussisset
1007 2721 1232 2804 reginamque
1244 2733 1340 2786 exer·
1450 2780 1455 2784 .

372 2825 463 2896 citus
483 2827 658 2894 dimittere
675 2836 712 2893 et
727 2827 820 2910 opud
833 2845 870 2891 se
896 2828 972 2907 iure
996 2823 1209 2906 disceptare,
1224 2819 1342 2894 Pollii·x

372 2927 681 3000 numllunuolmm
706 2931 895 2998 ntt'trieium
911 2929 1012 3014 pueri
1025 2936 1061 2994 et
1073 2921 1337 3012 procuratorem

373 3039 490 3123 regni,
510 3037 604 3120 quod
625 3056 686 3106 rex
702 3026 745 3103 ad
767 3040 909 3104 'oausam
930 3036 1111 3102 dicendam
1136 3042 1338 3102 evocaretur

374 3145 611 3230 indignatum,
626 3144 829 3212 seditionem
846 3143 1028 3223 conflasse,
1042 3141 1214 3208 exereitus
1238 3161 1258 3206 a
1280 3141 1341 3204 Pe-

417 3461 463 3543 (l)
480 3464 572 3539 Quod
578 3465 648 3542 jam
661 3474 747 3524 entra
760 3467 953 3543 provinciam
967 3473 1036 3524 erat

418 3566 752 3648 mammes

418 3673 466 3754 (3)
482 3677 527 3736 Da
540 3677 591 3735 tet.
607 3679 655 3735 riv.
676 3677 742 3752 ΙΙΙ,
761 3679 828 3737 tlt.

419 3780 465 3862 (lt)
484 3780 610 3844 Plutia
627 3783 698 3842 Coes.
718 3785 766 3846 [19.
785 3819 824 3830 -
847 3789 904 3845 Dio
915 3787 982 3845 Cas.
994 3786 1078 3843 XLII
1092 3829 1100 3861 ‚
1116 3787 1164 3844 38.
1179 3819 1217 3830 -
1234 3785 1334 3842 dmm.

257 3889 264 3904 ·
379 3891 656 3965 munuum
700 3871 1045 3966 -mnmtustn

421 3992 725 4075 omanus
