3062 5230
611 475 771 561 fer-

209 599 387 683 habuerit,
403 605 578 690 praeterita
598 611 638 668 ut
658 602 817 686 posteris,
841 598 1029 681 cupiditate
1054 600 1174 681 omni,

207 709 287 794 odio
308 693 541 774 autamieitia¹
556 728 707 789 vacuus,
729 700 897 787 traderet3
917 705 976 768 sed
991 712 1051 768 aut
1075 723 1173 768 suam

99 868 101 872 ,
206 791 312 894 ip‘sius
324 831 463 878 eausam
478 815 629 897 diceret,
646 823 706 879 aut
723 830 848 894 magna
873 813 986 894 aliqua
1001 813 1044 876 de
1062 813 1174 892 seipso

204 919 404 999 predicaret
417 929 453 984 et
463 919 596 985 civibus
610 918 1018 1002 quamhonoratissimus
1031 924 1118 980 esset
1140 923 1175 980 et

203 1024 435 1089 charissimus.
456 1027 691 1110 Quapropter,
706 1027 788 1090 laisa
804 1025 963 1112 consulto
980 1022 1172 1102 affirmarit,

207 1145 335 1212 magna
350 1130 592 1212 amplificando
609 1132 759 1195 maxima
771 1131 901 1211 ellecit,
917 1130 980 1194 sibi
990 1131 1131 1195 adversa
1145 1130 1173 1194 si

203 1250 272 1311 qua
289 1225 401 1298 essent
417 1235 574 1318 retinuit,
593 1235 742 1300 erimina
758 1254 831 1318 quae
853 1235 1089 1314 obiicerentur
1106 1235 1171 1297 mi-

202 1338 280 1401 nuit
294 1339 557 1430 diluitqueQui
573 1348 738 1423 praeterea
756 1341 887 1422 aliquot
904 1341 939 1404 in
953 1357 1107 1418 errores,
1128 1340 1172 1402 au

200 1441 275 1508 aliis
296 1444 501 1526 plerumque
527 1446 709 1528 deeeptus,
747 1439 859 1528 quum
891 1445 1067 1526 inciderit3
1092 1463 1171 1540 pro·

200 1555 321 1618 batum
340 1554 410 1635 jam
429 1561 465 1618 et
483 1571 520 1617 re
539 1554 613 1634 ipsa
629 1552 874 1617 confirmatum
897 1561 932 1616 et
948 1558 1169 1634 compertum

200 1658 475 1748 habemus-quod
498 1657 660 1722 orationis
684 1656 784 1722 initio
806 1678 847 1722 ex
870 1657 1020 1722 Pollione
1042 1657 1079 1720 in'
1096 1675 1170 1722 rno-v

202 1761 299 1826 dium
315 1763 516 1826 attulimus:
631 1771 632 1776 ’

244 1893 259 1924 e
287 1869 410 1932 Parum
429 1853 631 1950 diligenter,
657 1886 851 1950 parumque
876 1867 1009 1950 integra
1025 1870 1170 1932 veritate

201 1970 508 2055 (Commentarios)
532 1974 767 2056 compositos,
792 1991 903 2056 quum
926 1972 1036 2038 Caesar
1057 1975 1170 2055 plera·
1279 2030 1281 2035 ,

199 2094 267 2157 que
282 2083 318 2140 et
330 2095 403 2158 quae
419 2096 482 2159 per
499 2078 583 2142 alios
595 2087 694 2142 erant
713 2085 806 2163 gesta
822 2087 953 2142 temere
966 2078 1169 2160 crediderit,

198 2192 233 2251 et
245 2206 317 2268 qnae
325 2205 388 2271 per
401 2205 450 2267 se,
460 2189 514 2253 vel
523 2190 692 2270 consulto,
709 2189 940 2254 relmemoria
951 2190 1077 2270 lapsus,-
1089 2207 1169 2271 per-

201 2311 320 2374 peram
334 2293 521 2360 ediderit.»
543 2297 587 2378 (t)
1140 2371 1144 2380 ,

237 2401 409 2482 Quoniam
428 2420 511 2467 vero
533 2403 567 2466 in
581 2402 767 2468 notissimis
785 2411 820 2468 et
835 2397 1080 2468 minutissimis
1098 2405 1170 2485 qui·

196 2507 341 2598 busdam
354 2507 444 2588 (que
458 2507 555 2571 fateri
571 2507 806 2588 periculosum
820 2526 890 2573 non
910 2508 1005 2591 erat)
1029 2507 1170 2574 sinceri-

196 2620 302 2676 tatem
326 2613 591 2694 aequitatemque
607 2613 781 2696 'servavit,
798 2613 827 2677 is
842 2615 911 2694 jam
938 2613 1044 2678 Caesar
1067 2614 1171 2680 inisse

196 2719 281 2783 mihi
297 2721 455 2785 rideatur
469 2721 529 2802 qui
542 2721 631 2786 cives
653 2727 688 2786 et
701 2727 858 2803 posteros
873 2721 1107 2787 inscribendo
1123 2723 1170 2788 si·

196 2835 256 2889 cut
271 2820 307 2888 in
320 2827 454 2909 agendo
468 2825 627 2908 decipere
644 2827 808 2909 voluerit,
824 2828 968 2892 sednon
988 2827 1171 2894 nesciverit

196 2931 373 2995 neminem
397 2950 538 3014 prorsus
552 2933 594 2996 ab
618 2950 660 2996 eo
676 2948 832 3011 unquam
846 2930 959 3012 decipi
975 2931 1035 3012 qui
1048 2949 1171 2996 omnes

197 3035 547 3117 semperinomnibus
561 3035 721 3118 decipere
732 3042 767 3098 et
786 3033 903 3098 saliere
918 3036 1112 3100 tentaverit.

204 3159 206 3164 ’
235 3140 431 3206 llaecdeillis
441 3161 513 3222 quae
523 3140 699 3206 Cesarisin
713 3138 976 3205 Commentariis
984 3141 1169 3221 reprehen-
1192 3181 1193 3184 =

197 3245 292 3309 sione
310 3247 413 3329 digna
435 3246 627 3310 rideantur.
640 3245 740 3327 Quod
756 3243 840 3308 side
857 3261 983 3324 genere
997 3243 1170 3308 scribendi

197 3350 357 3434 etlingua
371 3398 378 3425 ‚
396 3371 415 3416 a
430 3351 555 3432 quibus
568 3351 739 3432 precipua
753 3349 815 3432 ipsi
829 3350 903 3414 laus
915 3350 1038 3428 oritur,
1054 3349 1170 3413 dicere

197 3456 351 3527 licuisset
365 3477 490 3540 puram
507 3459 598 3525 hane
610 3466 714 3540 atque
728 3458 966 3539 incorruptam
982 3457 1170 3522 ¹verborum

201 3566 488 3630 consuetudinem
502 3575 535 3636 ta
550 3565 719 3630 tironibus
732 3564 886 3646 quamvis
898 3562 1079 3647 magistros
1098 3565 1171 3628 lau-

200 3668 274 3733 dari
286 3688 357 3734 non
373 3670 517 3754 deceat)
533 3670 751 3753 amplissimis
763 3668 922 3734 laudibus
935 3669 1057 3734 eiierre
1069 3676 1104 3734 et
1118 3688 1170 3736 or·
1192 3717 1195 3722 .

244 3984 288 4066 (l)
307 3988 362 4064 Ap.
380 3987 467 4047 Suet.
484 3989 512 4045 in
533 3988 601 4048 (me.
618 3961 715 4046 569-
738 3987 821 4065 Coras.
839 4009 868 4066 p.
885 3949 904 4046 Ι5
927 3989 1019 4063 liujus
1036 3987 1143 4049 libelli.
