3062 5230
590 1251 711 1300 quantu
734 1243 879 1289 consumo
902 1246 993 1287 casm
1015 1230 1174 1288 oursanrri'

433 1547 458 1618 Α
483 1567 566 1615 rero
585 1548 761 1614 discedere
788 1549 889 1612 variis
918 1541 1030 1613 modis
1049 1559 1159 1629 quum
1176 1547 1284 1628 possit
1301 1547 1363 1630 qui

395 1677 448 1727 res
459 1677 538 1724 suas
556 1665 616 1722 aut
633 1657 783 1722 aliorum
799 1661 911 1740 gestas
923 1662 1064 1736 narrat;
1080 1654 1108 1720 si
1125 1656 1218 1735 quod
1235 1655 1362 1720 falsum

396 1772 448 1828 est
462 1765 621 1830 consulto
633 1769 694 1827 aut
712 1777 830 1826 errore
841 1759 958 1840 atiquo
973 1759 1208 1840 affirmaverit,
1223 1758 1252 1823 si
1267 1761 1363 1840 quod

392 1889 516 1935 rerum
537 1877 598 1936 aut
616 1868 790 1953 negaverit
814 1874 875 1932 aut
896 1865 1075 1932 reticuerit
1094 1874 1154 1931 aut
1173 1862 1361 1948 amplifica-

394 1971 482 2037 verit
504 1978 565 2036 aut
593 1970 684 2035 falsis
715 1971 934 2036 adornaverit
971 1967 1220 2054 coloribus,o
1199 1970 1361 2037 omnihus

396 2075 450 2142 his
466 2076 580 2142 modis
601 2076 766 2142 Caesarem
779 2085 937 2158 peccasse
949 2076 1135 2142 credimus.

433 2185 543 2266 Atque
569 2182 746 2266 primum,
763 2183 967 2248 multasunt
990 2202 1066 2264 quae
1082 2186 1204 2268 Caesar,
1218 2184 1282 2249 srbr
1293 2203 1365 2248 mr

393 2290 488 2356 nime
506 2289 651 2375 gloriosa
670 2307 781 2371 quum
803 2297 934 2371 essent,
954 2293 1112 2356 consulto
1127 2291 1254 2357 omisit.
1277 2291 1360 2356 Ver-

394 2395 614 2482 cingetorigis
634 2394 748 2476 enim,
767 2401 950 2477 postquam
973 2396 1038 2462 riri
1061 2413 1233 2460 summam
1251 2393 1286 2457 in
1299 2396 1361 2458 ad-

393 2506 616 2570 mirationem
631 2522 881 2586 summumque
889 2522 924 2568 rn
936 2522 1108 2585 amorem
1121 2503 1225 2568 forte
1218 2501 1365 2586 inritus,

394 2614 566 2696 legentem
591 2611 769 2692 perduxit,
795 2628 840 2674 ne
866 2611 998 2675 exitum
1024 2601 1167 2692 quidem
1186 2610 1300 2675 docet.
1320 2609 1363 2674 At

394 2719 488 2797 quod
502 2717 609 2780 Caesar
623 2714 762 2780 reticuit
775 2713 928 2777 historici
938 2733 1009 2778 non
1021 2716 1191 2782 omisere·
1183 2689 1362 2800 ,qn1Ver-

393 2826 641 2910 cingetorigem
663 2834 807 2890 narrant
830 2829 972 2892 Romam
995 2831 1161 2914 missum,
1176 2842 1364 2918 postquam

393 2950 450 2997 sex
476 2950 585 2996 annos
606 2931 819 2996 tardissimo
812 2951 847 2995 rn
876 2952 1015 3002 carcere
1040 2939 1208 3005 rictorem
1236 2961 1363 3026 expec-

394 3046 520 3120 tasset3
566 3038 840 3122 triumphatum,
888 3043 1099 3124 tandemque
1141 3045 1364 3116 interiectum

394 3147 498 3213 fuisse
520 3146 581 3230 (t.)
611 3148 781 3226 Romanae,
814 3147 941 3228 fateor,
961 3149 1100 3230 justitiae
1121 3153 1364 3234 majorumque

395 3253 552 3320 moribus
566 3259 805 3333 congruenter.
829 3248 893 3316 Sed
913 3251 973 3334 qni
994 3257 1141 3338 fecerat,
1171 3275 1311 3322 narrare
1327 3266 1363 3325 et

396 3360 494 3424 fateri
510 3358 673 3440 quianam
687 3361 858 3426 crubuit?

437 3463 523 3528 item
544 3465 789 3548 Dumnorigem
815 3467 965 3531 AEduum
990 3467 1070 3532 saedc
1104 3476 1139 3532 et
1161 3467 1319 3532 nefarie
1310 3488 1366 3531 rn-
1465 3497 1477 3526 ι

396 3569 507 3636 terfici
519 3569 627 3636 Caesar
644 3589 753 3651 quum
766 3570 996 3658 jussissem),
943 3573 1056 3656 t)dc
1073 3572 1237 3639 Divitiaco
1260 3575 1370 3639 tratre

439 3811 485 3892 (t)
509 3815 566 3872 Dio
582 3815 652 3873 Cae.
667 3816 730 3889 xl,
746 3777 795 3876 tt.

439 3917 485 3998 (t)
508 3917 616 3976 Debet.
637 3917 704 3977 Gar.
723 3922 765 3993 V,
782 3921 809 3978 7.
827 3955 864 3964 —
879 3922 983 3980 Caesar
992 3923 1024 3980 in
1041 3924 1236 3982 Britanniam
1249 3919 1367 3995 trajec-

396 4029 484 4080 turus
502 4063 511 4094 ,
532 4023 640 4081 Galliac
657 4025 813 4104 principes
835 4026 874 4083 ad
896 4035 1021 4105 portum
1044 4029 1138 4087 Itium
1163 4033 1368 4100 congregatos
