3062 5230
218 1799 385 1871 Veterum
400 1800 587 1868 sententias
594 1799 636 1864 de
648 1797 783 1865 cesaris
790 1795 1146 1885 operibusperlegenti

182 1927 253 1973 una
268 1908 439 1987 occurrit,
456 1905 568 1990 gravis
584 1904 640 1968 ilia
651 1904 812 1986 quidem,
826 1923 900 1986 qua
913 1923 994 1969 cum
1007 1907 1146 1990 amplis·

183 2014 279 2078 simis
289 2013 449 2078 omnium
457 2010 615 2076 laudibus
627 1997 835 2091 discrepare,
844 2011 959 2091 primo
973 2011 1147 2094 adspectu,

183 2119 351 2182 videatur.
377 2118 490 2198 Quem
508 2114 601 2180 enim
628 2114 746 2180 Cicero
767 2114 817 2178 eit
842 2133 944 2178 sanos
958 2115 1150 2181 huminesa

182 2223 362 2288 scribenda
370 2221 487 2288 Gallici
508 2220 685 2302 civilisque
705 2219 788 2284 beili
809 2221 952 2286 historia
967 2223 1152 2288 deterruis-

182 2348 219 2395 se
234 2329 292 2413 (l),
310 2346 416 2411 quem
426 2327 530 2392 etiam
547 2345 726 2391 summum
747 2333 932 2392 aucturum
943 2326 1082 2394 Tacitus
1095 2345 1153 2412 ap·

182 2435 291 2516 pellat
305 2432 364 2518 (2),
380 2451 463 2497 eum
475 2431 527 2496 vir
534 2431 625 2496 bello
638 2439 674 2495 et
684 2431 806 2496 titteris
812 2449 999 2512 rerumque
1007 2435 1155 2514 publiea·

182 2559 263 2604 rum
273 2535 572 2604 administratione
584 2537 712 2616 pariter
728 2535 937 2599 clarissimus
965 2536 1152 2620 vituperat,

189 2654 225 2710 et
252 2645 345 2726 apud
363 2650 521 2725 posterus
544 2641 643 2722 quasi
664 2658 764 2705 reum
783 2642 875 2705 facit.
893 2641 1025 2706 Etenim
1049 2644 1155 2710 Pollio

105 2787 107 2792 ·
188 2753 335 2834 Asinius,
351 2749 715 2818 Caesarisecumitibus
735 2750 829 2816 betto
845 2751 881 2814 in
901 2749 992 2816 cirili
1006 2755 1100 2834 quod
1121 2764 1157 2820 et
1184 2807 1188 2816 .

188 2859 262 2940 ipse
284 2863 497 2938 narraverat,
511 2872 636 2937 parum
658 2855 841 2939 diligenter
857 2875 1052 2942 parumque
1066 2861 1155 2927 inte-

189 2983 248 3049 gra
281 2963 425 3028 veritate
452 2961 726 3038 Commentarius
739 2963 950 3045 compositus
977 2967 1146 3047 putabat,

188 3088 300 3150 quum
314 3069 420 3134 Cesar
437 3063 602 3150 pleraque
617 3073 654 3130 et
676 3085 750 3148 que
765 3087 828 3151 per
844 3069 928 3135 alius
945 3080 1046 3136 erant
1062 3080 1156 3155 gesta

188 3183 322 3240 temere
335 3173 548 3254 credidisset,
562 3181 598 3236 et
610 3192 684 3254 quae
697 3192 761 3258 per
772 3193 826 3256 se,
842 3176 896 3240 vel
912 3160 1070 3243 consulto
1081 3223 1090 3259 ‚
1100 3179 1155 3242 vel

190 3285 295 3348 etiam
307 3281 478 3348 memoria
498 3282 630 3364 tapsus,
647 3301 832 3364 perperam
847 3283 1022 3367 edidisset,
1040 3286 1155 3351 existi·

190 3392 377 3472 mabatque
391 3387 644 3470 rescripturum
658 3397 693 3453 et
706 3397 945 3456 correcturum
958 3393 1061 3458 tuisse
1073 3388 1134 3476 (3).

231 3497 373 3562 litorum
395 3494 683 3578 peritissimorum
701 3497 856 3593 iudicum
872 3498 949 3589 quis
965 3499 1156 3623 erre'veritt

948 3604 957 3632 t
966 3595 1034 3638 iim

234 3790 279 3871 (1)
291 3790 326 3848 ln
340 3791 425 3876 Brut.
442 3791 479 3850 Ίίι
493 3810 539 3869 sq.

234 3895 280 3975 (2)
298 3895 431 3952 German.
447 3894 495 3953 28.

236 4001 281 4082 (3)
296 4001 351 4076 Ap.
371 4002 456 4059 Suet.
475 4001 504 4058 t'n
523 4003 590 4062 (ωε.
608 3999 655 4058 96.

620 4558 894 4684 409306
