3062 5230
767 449 928 514 a.gg.„

363 587 541 660 Oceanum
554 579 785 656 incolentibus
797 584 891 648 ultro
909 581 1038 647 bellum
1055 575 1243 663 intulisset,
1268 568 1332 648 lioa

363 713 484 764 manas
507 698 597 762 acics
625 692 730 758 semel
745 697 848 771 atque
864 689 992 751 iterum
1009 684 1236 765 ostendisset,
1262 702 1333 765 quo

362 802 497 869 barbari
512 817 633 867 omnes
646 817 666 862 a
683 797 808 862 Caesare
820 791 988 874 superati,
1002 789 1112 872 pacati
1127 797 1162 854 et
1178 790 1334 854 Romanae

363 904 460 985 quast
481 903 622 968 ditionis
646 899 725 964 lacti
750 897 965 964 ridebantur.
994 896 1091 978 inde,
1109 907 1190 978 erga
1217 894 1333 958 virum

361 1027 438 1090 quae
460 1005 717 1086 benevolentia,
744 1002 821 1085 quis
833 1018 951 1068 amor,
975 1013 1048 1080 quae
1068 996 1335 1081 relerendaegra

361 1111 413 1176 tiae
434 1111 612 1176 voluntas!
627 1111 730 1174 Erant
753 1116 847 1174 certe
884 1107 944 1188 qui
966 1108 1162 1171 ornandum
1193 1111 1332 1168 tantum

360 1205 456 1283 hunc
472 1217 598 1280 ducem
613 1213 819 1288 dictitarent,
840 1210 1141 1297 amplificandum,
1166 1210 1333 1274 extollen-

361 1323 459 1386 dum.

403 1432 467 1498 Sed
480 1433 533 1497 his
546 1439 729 1514 postquam
747 1429 879 1496 artibus
890 1430 960 1494 dux
970 1431 1026 1494 ille
1037 1430 1145 1495 crevit
1162 1437 1208 1512 et,
1222 1429 1332 1496 Gallo·

362 1549 441 1602 rum
458 1537 563 1602 armis
584 1537 712 1600 civium
726 1537 837 1601 victor
863 1536 923 1621 (l),
949 1553 1149 1618 supremam
1163 1536 1273 1602 libera
1295 1538 1332 1601 in

362 1644 498 1710 civitate
513 1650 719 1726 potestatem
729 1643 878 1723 adeptus
891 1650 954 1724 est;
966 1641 1169 1706 remissione
1184 1650 1220 1706 et
1233 1643 1334 1708 venia

362 1750 487 1832 dignus
498 1756 574 1812 tum
591 1748 694 1813 etiam
709 1748 915 1812 censebatur
928 1747 955 1812 si
968 1749 1169 1812 crederetur
1180 1764 1252 1812 non
1271 1769 1333 1814 cu-

362 1855 507 1936 piditate
520 1854 633 1936 aliqua
647 1860 708 1917 aut
723 1853 925 1936 ambitione,
946 1856 1005 1918 sed
1021 1854 1064 1917 ab
1075 1853 1224 1918 inimicis
1233 1873 1334 1921 coac-

361 1968 443 2042 tus,
463 1962 496 2025 vi
521 1969 556 2025 et
576 1960 682 2025 armis
701 1979 778 2023 rem
800 1958 959 2044 gessisse,
980 1959 1096 2041 patriae
1110 1967 1145 2023 et
1168 1959 1335 2026 libertatis

301 2127 308 2142 ,
361 2067 436 2148 jura
454 2064 661 2144 delendisse5
685 2083 806 2147 pacem
830 2065 926 2130 omni
946 2065 1050 2130 modo
1068 2083 1224 2146 servare,
1242 2067 1334 2132 cives

364 2171 590 2235 reconciliare
617 2171 815 2252 tentavisse,
849 2188 931 2252 erga
961 2188 1081 2234 omues
1103 2169 1329 2254 leuissinum,

362 2274 573 2338 mitissinum
598 2291 634 2337 se
657 2274 847 2355 prebuisse.
862 2274 1026 2339 Caesarem
1047 2293 1128 2360 ergo
1148 2275 1331 2339 veredice-

361 2387 472 2462 retur,
492 2378 612 2444 Gallici
625 2381 705 2444 belli
726 2380 831 2446 fastos
847 2399 928 2445 cum
955 2381 1135 2462 scriberet,
1154 2380 1251 2445 civile
1262 2381 1331 2447 bel-

362 2487 437 2552 lum
448 2487 637 2572 paravisse,
652 2488 695 2552 de
709 2488 841 2554 civibus
854 2489 941 2554 etde
956 2491 1119 2574 Pompeio
1136 2490 1328 2578 victoriam,

360 2602 567 2678 perpetuam
581 2597 812 2678 dictaturam,
837 2614 1022 2679 coronam,
1049 2596 1159 2679 regios
1181 2597 1330 2664 honores

362 2702 398 2766 in
420 2702 538 2768 animo
551 2702 722 2767 habuisse.
742 2703 846 2768 Civile
866 2703 995 2767 bellum
1008 2720 1091 2767 vero
1116 2721 1199 2766 eum
1215 2721 1331 2769 narra·

361 2797 432 2884 ret,
452 2805 725 2888 conjurationes,
739 2807 941 2886 seditiones,
956 2807 1136 2889 pugiones,
1151 2826 1192 2873 ea
1213 2811 1330 2876 omnia

347 2918 480 3003 ,mente
498 2909 690 2990 praevidisse
703 2913 829 2992 quibus
842 2912 906 2992 ipsi
920 2911 1078 2977 occidere
1092 2901 1192 2979 latale
1205 2923 1240 2979 et
1255 2915 1330 2979 inc·
1399 2943 1417 2970 ·

360 3011 523 3076 lucmbilc
545 3021 630 3077 erat,

401 3115 484 3202 Qum
509 3139 591 3186 cum
616 3123 663 3187 ita
684 3123 771 3204 sint,
788 3142 861 3189 non
882 3126 911 3188 is
930 3124 1328 3192 estComr’nentariomm

361 3232 483 3289 auctor
511 3227 589 3309 qui,
614 3229 709 3307 quod
731 3229 936 3295 historicum
964 3230 1080 3312 dccet,
1109 3231 1328 3313 propositum

401 3531 448 3616 (1)
464 3525 630 3614 Legionem
644 3557 743 3598 unam
759 3538 896 3600 habebat
910 3559 947 3600 ex
960 3543 1157 3620 transalpinis
1168 3523 1324 3624 conscrip-

358 3653 425 3702 tam
437 3661 508 3722 quae
519 3645 620 3702 alauda
629 3646 861 3705 nominabatur.
876 3644 888 3725 (
906 3647 990 3706 Suet.
1001 3649 1029 3704 in
1042 3646 1112 3710 cas.
1129 3649 1178 3708 tt.
1195 3683 1234 3693 -
1244 3651 1323 3709 Plin.

358 3745 448 3814 LXI,
467 3745 534 3826 at.)
548 3751 700 3808 Praeterea
716 3754 886 3829 sagittarios
907 3772 944 3812 ex
958 3757 1107 3829 Rutenis,
1136 3757 1323 3836 Aquitanos,

358 3857 585 3930 montanosqnc
601 3855 656 3930 qui
669 3856 860 3932 provinciam
876 3856 1080 3934 attingebant.

749 3960 760 4040 (
776 3963 854 4021 Caes.
873 3962 1151 4040 liebel.ct'v.l,18,
1168 3968 1225 4039 39,
1244 3967 1292 4025 51.
1309 3967 1322 4046 )
