3062 5230
429 510 447 566 ιι·
795 543 834 554 -
854 507 894 574 tl
916 543 954 554 -

388 632 477 699 tium
492 633 626 713 viderit,
640 629 816 702 autetiam
831 655 902 718 qno
922 655 963 702 ex
977 637 1055 704 leno
1069 622 1356 721 orielnraeeepm

389 737 435 816 eit
449 739 508 822 (l).
523 740 640 822 Porro,
654 739 761 808 cuivis
770 743 937 824 expedito
949 742 1070 808 deoem
1081 759 1158 806 ¹aum
1171 741 1228 806 die
1241 743 1357 810 leuen

388 845 563 911 absolvere
576 863 687 927 quum
703 847 907 914 laeillimnm
919 849 982 929 eit,
1005 849 1136 912 mirum
1151 848 1185 911 id
1199 849 1358 914 oomnit

386 953 507 1017 silvam
522 953 760 1035 ultrallnropae
773 954 916 1036 lines-in
931 953 1041 1019 Asiam
1065 955 1111 1018 ita
1125 962 1358 1035 penetrarent

386 1077 433 1122 ne
445 1061 489 1124 ad
503 1060 643 1124 Tanaim
658 1061 800 1141 quidem
818 1062 893 1142 ejus
906 1061 948 1124 de
962 1061 1030 1124 fine
1046 1059 1231 1140 quisquam
1258 1058 1358 1123 audis

386 1164 484 1228 verit.
500 1167 581 1248 Qun
594 1183 704 1246 quum
732 1165 943 1232 incredibilia
961 1166 1053 1248 sint,
1077 1157 1238 1230 Caesarem
1266 1172 1362 1246 patet

387 1271 620 1352 amplificatis,
637 1277 677 1335 ut
690 1271 743 1352 lit,
769 1272 806 1353 (e
819 1271 1007 1355 longinquo
1022 1272 1115 1336 enim
1138 1291 1276 1355 semper
1288 1292 1363 1341 ma·

386 1378 440 1459 ior
450 1377 656 1462 reverentia)
676 1378 900 1442 relationibus
924 1379 1110 1460 deceptum
1131 1386 1237 1462 atque
1253 1378 1288 1442 in
1302 1399 1357 1445 er-

386 1501 502 1547 rorem
526 1484 710 1549 inductum
725 1503 807 1549 esse.
905 1488 907 1494 '

427 1591 588 1653 Preterea
601 1590 645 1654 de
662 1591 813 1654 serarum
823 1589 1006 1671 generibus
1016 1590 1126 1656 Galliae
1142 1598 1246 1671 atque
1258 1592 1360 1658 ltaliae

385 1695 570 1778 incognitis
600 1716 672 1777 que
698 1697 733 1760 in
759 1697 843 1761 silva
859 1705 1083 1761 nascerentur
1110 1696 1221 1761 multa
1249 1695 1358 1761 Caesar

384 1808 541 1887 protulit.
559 1808 786 1889 Comperlane
807 1825 848 1876 ex
875 1795 1000 1888 oeulis,
1018 1825 1062 1880 an
1084 1814 1224 1887 accepta
1241 1821 1282 1870 ex
1296 1825 1355 1872 au-.

383 1910 481 1976 ditur
495 1913 540 1976 Ex
554 1913 675 1978 auditu
698 1920 838 1994 accepta
859 1913 1009 1976 credam.
1044 1912 1126 1974 Nam
1144 1911 1187 1975 de
1203 1912 1357 1993 partium

383 2037 532 2085 numero
547 2029 581 2084 el
597 2020 835 2104 magnitudine
858 2026 894 2084 et
914 2019 1023 2082 forma
1040 2018 1169 2083 mirum
1186 2027 1357 2098 'quantum

383 2129 508 2193 erravit
533 2147 639 2209 quem
669 2135 764 2190 certe
780 2126 850 2191 seio
876 2143 953 2208 quae
969 2125 1113 2206 viderit,
1131 2127 1355 2208 perspexerit,

381 2230 651 2313 implicatissima
678 2249 719 2295 ea
752 2230 869 2310 etiam,
902 2229 965 2294 sibi
994 2229 1061 2294 nisi
1097 2231 1236 2306 adversa
1264 2233 1354 2310 sint,

380 2338 528 2400 maxima
560 2354 641 2400 cum
665 2335 862 2418 diligentia,
889 2335 1123 2400 concinnitate
1149 2343 1183 2398 et
1205 2333 1350 2398 veritate

380 2460 568 2526 exponere.
1062 2434 1064 2439 ’

420 2547 530 2628 Atque
547 2547 701 2629 primum
714 2547 777 2614 bos
789 2547 846 2612 ille
859 2547 951 2612 cerri
974 2548 1081 2632 ligura
1097 2547 1144 2630 (2)
1167 2565 1271 2628 quem
1287 2565 1349 2628 ap-

379 2655 500 2736 pellat,
519 2673 622 2735 quoe
636 2671 759 2737 genere
779 2653 982 2718 animalium
995 2654 1039 2717 sit
1061 2652 1191 2718 nemini
1204 2652 1351 2722 dubium

378 2783 453 2828 esse
471 2773 593 2844 potest.
628 2765 781 2844 Namque
805 2765 854 2827 ita
877 2764 919 2826 ad
941 2765 1035 2827 hune
1059 2764 1175 2828 loeum
1201 2762 1351 2846 inclytus

378 2872 435 2937 ille
449 2873 492 2936 de
508 2872 736 2936 animantium
752 2879 876 2935 natura
893 2880 1074 2935 narrator:
1173 2877 1177 2886 '

422 3003 437 3034 α
461 2978 514 3044 On
531 2996 576 3042 ne
591 2985 678 3060 peut
693 2976 798 3059 gnere
815 2978 940 3041 deuter
965 2994 1032 3056 que
1058 2975 1208 3041 l'auimal
1235 2976 1347 3058 qu'in-

376 3087 481 3169 dique
498 3086 598 3152 Gesar
614 3105 658 3151 ne
670 3086 738 3151 soit
751 3087 783 3149 le
806 3103 912 3153 renue
928 3109 943 3142 s
962 3085 1023 3168 (3).
1143 3091 1147 3098 '
1207 3089 1209 3098 “

418 3403 464 3485 (l)
481 3405 546 3463 [σε.
563 3405 639 3462 laud.
655 3439 693 3450 -
708 3405 811 3480 Hujus
825 3405 885 3469 loei
897 3407 929 3462 in
943 3407 1201 3484 interpretatione
1211 3408 1345 3464 omnino

375 3514 522 3578 erravisse
533 3515 629 3585 miror
639 3513 739 3571 virum
762 3512 979 3570 doctissimum
1004 3513 1164 3585 Lemaire,
1180 3513 1251 3590 qui,
1274 3530 1346 3590 quae

374 3617 412 3686 de
425 3616 618 3694 longitudine
632 3617 778 3684 dicuntur
794 3615 833 3675 ad
847 3616 1045 3675 latitudinem
1063 3615 1156 3675 refert
1170 3624 1202 3674 et
1216 3616 1343 3692 triginta

372 3741 437 3782 uno
452 3723 501 3781 die
509 3725 614 3798 leucas
625 3721 766 3803 expedito
782 3721 981 3782 absolvendas
990 3719 1098 3780 indicit
1112 3719 1159 3800 (ln
1176 3717 1245 3785 Ces.
1261 3723 1296 3779 Τ.
1311 3723 1342 3803 1,

372 3847 403 3908 p.
417 3827 492 3901 266,
509 3835 573 3886 not.
593 3829 610 3886 2
628 3837 659 3887 et
674 3827 726 3910 7.)

377 3909 381 3922 Ι
414 3932 519 4012 (illle
534 3933 585 3991 let.
605 3932 681 3993 Gall.
697 3977 706 4008 ,
725 3937 785 4006 VI,
801 3935 849 3993 26.

412 4034 458 4136 (3)
475 4037 586 4096 Bullon
597 4081 607 4115 ‚
623 4039 699 4116 Hiel.
714 4050 773 4099 nat.
792 4045 826 4100 T.
847 4042 926 4115 XII,
946 4062 977 4122 p.
1002 4044 1089 4132 tot„
