<?xml version="1.0" encoding="UTF-8"?>
<!DOCTYPE html PUBLIC "-//W3C//DTD XHTML 1.0 Transitional//EN"
    "http://www.w3.org/TR/xhtml1/DTD/xhtml1-transitional.dtd">
<html xmlns="http://www.w3.org/1999/xhtml" xml:lang="en" lang="en">
 <head>
  <title>
</title>
<meta http-equiv="Content-Type" content="text/html;charset=utf-8" />
  <meta name='ocr-system' content='tesseract 3.04.00' />
  <meta name='ocr-capabilities' content='ocr_page ocr_carea ocr_par ocr_line ocrx_word'/>
</head>
<body>
  <div class='ocr_page' id='page_1' title='image "./decaesarereruma00henngoog_0059.png"; bbox 0 0 3062 5230; ppageno 0'>
   <div class='ocr_carea' id='block_1_1' title="bbox 799 491 959 554">
    <p class='ocr_par' dir='ltr' id='par_1_1' title="bbox 799 491 959 554">
     <span class='ocr_line' id='line_1_1' title="bbox 799 491 959 554; baseline 0.019 -20"><span class='ocrx_word' id='word_1_1' title='bbox 799 491 959 554; x_wconf 60' lang='lat'><em>..54„</em></span> 
     </span>
    </p>
   </div>
   <div class='ocr_carea' id='block_1_2' title="bbox 391 617 1425 2627">
    <p class='ocr_par' dir='ltr' id='par_1_2' title="bbox 391 617 1425 1872">
     <span class='ocr_line' id='line_1_2' title="bbox 392 617 1362 706; baseline -0.002 -18"><span class='ocrx_word' id='word_1_2' title='bbox 392 631 513 706; x_wconf 77' lang='lat' dir='ltr'><strong>prater</strong></span> <span class='ocrx_word' id='word_1_3' title='bbox 528 628 723 687; x_wconf 82' lang='lat' dir='ltr'><strong>extremum</strong></span> <span class='ocrx_word' id='word_1_4' title='bbox 741 621 863 686; x_wconf 83' lang='lat' dir='ltr'><strong>littoris</strong></span> <span class='ocrx_word' id='word_1_5' title='bbox 893 622 1103 706; x_wconf 78' lang='lat' dir='ltr'><strong>marginem,</strong></span> <span class='ocrx_word' id='word_1_6' title='bbox 1129 623 1245 687; x_wconf 91' lang='lat' dir='ltr'><strong>nescio</strong></span> <span class='ocrx_word' id='word_1_7' title='bbox 1273 617 1362 704; x_wconf 85' lang='lat' dir='ltr'><strong>quid</strong></span> 
     </span>
     <span class='ocr_line' id='line_1_3' title="bbox 392 726 1361 811; baseline -0.001 -19"><span class='ocrx_word' id='word_1_8' title='bbox 392 729 558 811; x_wconf 79' lang='lat' dir='ltr'><strong>inspicere</strong></span> <span class='ocrx_word' id='word_1_9' title='bbox 581 727 725 790; x_wconf 91' lang='lat' dir='ltr'><strong>omnino</strong></span> <span class='ocrx_word' id='word_1_10' title='bbox 753 727 905 808; x_wconf 86' lang='lat' dir='ltr'><strong>potuerit</strong></span> <span class='ocrx_word' id='word_1_11' title='bbox 926 728 984 811; x_wconf 88' lang='lat' dir='ltr'><strong>(l).</strong></span> <span class='ocrx_word' id='word_1_12' title='bbox 1011 730 1099 793; x_wconf 86' lang='lat' dir='ltr'><strong>Tum</strong></span> <span class='ocrx_word' id='word_1_13' title='bbox 1125 726 1196 810; x_wconf 88' lang='lat' dir='ltr'><strong>ipse</strong></span> <span class='ocrx_word' id='word_1_14' title='bbox 1225 728 1361 808; x_wconf 76' lang='lat' dir='ltr'><strong>Cesar,</strong></span> 
     </span>
     <span class='ocr_line' id='line_1_4' title="bbox 391 830 1363 917; baseline 0.001 -20"><span class='ocrx_word' id='word_1_15' title='bbox 391 833 502 916; x_wconf 92' lang='lat' dir='ltr'><strong>prima</strong></span> <span class='ocrx_word' id='word_1_16' title='bbox 517 830 751 914; x_wconf 69' lang='lat' dir='ltr'>expeditione,</span> <span class='ocrx_word' id='word_1_17' title='bbox 775 849 904 914; x_wconf 86' lang='lat' dir='ltr'><strong>paucos</strong></span> <span class='ocrx_word' id='word_1_18' title='bbox 936 833 1125 899; x_wconf 86' lang='lat' dir='ltr'><strong>admodum</strong></span> <span class='ocrx_word' id='word_1_19' title='bbox 1144 834 1217 899; x_wconf 91' lang='lat' dir='ltr'><strong>dies</strong></span> <span class='ocrx_word' id='word_1_20' title='bbox 1231 834 1293 917; x_wconf 73' lang='lat'>(2);</span> <span class='ocrx_word' id='word_1_21' title='bbox 1310 853 1363 898; x_wconf 89' lang='lat' dir='ltr'><strong>se-</strong></span> 
     </span>
     <span class='ocr_line' id='line_1_5' title="bbox 392 937 1363 1020; baseline -0.002 -18"><span class='ocrx_word' id='word_1_22' title='bbox 392 939 520 1018; x_wconf 87' lang='lat' dir='ltr'><strong>cunda,</strong></span> <span class='ocrx_word' id='word_1_23' title='bbox 554 944 688 1020; x_wconf 90' lang='lat' dir='ltr'><strong>partem</strong></span> <span class='ocrx_word' id='word_1_24' title='bbox 725 938 831 1002; x_wconf 90' lang='lat' dir='ltr'><strong>modo</strong></span> <span class='ocrx_word' id='word_1_25' title='bbox 864 937 1006 1017; x_wconf 77' lang='lat' dir='ltr'><strong>aestatis,</strong></span> <span class='ocrx_word' id='word_1_26' title='bbox 1041 938 1250 1020; x_wconf 85' lang='lat' dir='ltr'><strong>plenamque</strong></span> <span class='ocrx_word' id='word_1_27' title='bbox 1278 955 1363 1001; x_wconf 88' lang='lat' dir='ltr'><strong>eam</strong></span> 
     </span>
     <span class='ocr_line' id='line_1_6' title="bbox 391 1043 1425 1127; baseline -0.002 -19"><span class='ocrx_word' id='word_1_28' title='bbox 391 1044 530 1126; x_wconf 72' lang='lat' dir='ltr'><strong>preliis,</strong></span> <span class='ocrx_word' id='word_1_29' title='bbox 543 1044 578 1106; x_wconf 91' lang='lat' dir='ltr'><strong>in</strong></span> <span class='ocrx_word' id='word_1_30' title='bbox 589 1043 761 1107; x_wconf 89' lang='lat' dir='ltr'><strong>Britannia</strong></span> <span class='ocrx_word' id='word_1_31' title='bbox 778 1052 951 1123; x_wconf 86' lang='lat' dir='ltr'><strong>moratus,</strong></span> <span class='ocrx_word' id='word_1_32' title='bbox 977 1063 1090 1127; x_wconf 87' lang='lat' dir='ltr'><strong>neque</strong></span> <span class='ocrx_word' id='word_1_33' title='bbox 1116 1043 1279 1108; x_wconf 90' lang='lat' dir='ltr'><strong>interiora</strong></span> <span class='ocrx_word' id='word_1_34' title='bbox 1298 1063 1364 1124; x_wconf 83' lang='lat' dir='ltr'><strong>pe-</strong></span> <span class='ocrx_word' id='word_1_35' title='bbox 1423 1063 1425 1068; x_wconf 93' lang='lat'>·</span> 
     </span>
     <span class='ocr_line' id='line_1_7' title="bbox 392 1149 1363 1234; baseline 0.001 -21"><span class='ocrx_word' id='word_1_36' title='bbox 392 1151 554 1230; x_wconf 80' lang='lat' dir='ltr'><strong>netravit,</strong></span> <span class='ocrx_word' id='word_1_37' title='bbox 575 1168 686 1232; x_wconf 78' lang='lat' dir='ltr'><strong>neque</strong></span> <span class='ocrx_word' id='word_1_38' title='bbox 700 1150 846 1214; x_wconf 89' lang='lat' dir='ltr'><strong>insulam</strong></span> <span class='ocrx_word' id='word_1_39' title='bbox 859 1149 966 1215; x_wconf 86' lang='lat' dir='ltr'><strong>classe</strong></span> <span class='ocrx_word' id='word_1_40' title='bbox 975 1151 1170 1216; x_wconf 77' lang='lat' dir='ltr'><strong>circumivit</strong></span> <span class='ocrx_word' id='word_1_41' title='bbox 1183 1150 1238 1233; x_wconf 85' lang='lat'>(3).</span> <span class='ocrx_word' id='word_1_42' title='bbox 1252 1150 1363 1234; x_wconf 84' lang='lat' dir='ltr'><strong>Ergo,</strong></span> 
     </span>
     <span class='ocr_line' id='line_1_8' title="bbox 391 1251 1362 1339; baseline -0.002 -17"><span class='ocrx_word' id='word_1_43' title='bbox 391 1275 464 1338; x_wconf 77' lang='lat' dir='ltr'><strong>qua</strong></span> <span class='ocrx_word' id='word_1_44' title='bbox 490 1255 591 1322; x_wconf 54' lang='lat' dir='ltr'><strong>lama*</strong></span> <span class='ocrx_word' id='word_1_45' title='bbox 609 1257 791 1338; x_wconf 84' lang='lat' dir='ltr'><strong>didicerat,</strong></span> <span class='ocrx_word' id='word_1_46' title='bbox 810 1264 871 1320; x_wconf 86' lang='lat' dir='ltr'><strong>aut</strong></span> <span class='ocrx_word' id='word_1_47' title='bbox 886 1275 925 1321; x_wconf 87' lang='lat' dir='ltr'><strong>ex</strong></span> <span class='ocrx_word' id='word_1_48' title='bbox 939 1257 1081 1338; x_wconf 83' lang='lat' dir='ltr'><strong>captivis</strong></span> <span class='ocrx_word' id='word_1_49' title='bbox 1098 1251 1362 1339; x_wconf 77' lang='lat' dir='ltr'><strong>obsidibusque,</strong></span> 
     </span>
     <span class='ocr_line' id='line_1_9' title="bbox 391 1362 1360 1446; baseline -0.001 -16"><span class='ocrx_word' id='word_1_50' title='bbox 391 1363 544 1432; x_wconf 86' lang='lat' dir='ltr'><strong>adhiblto</strong></span> <span class='ocrx_word' id='word_1_51' title='bbox 556 1366 756 1446; x_wconf 75' lang='lat' dir='ltr'><strong>interprete,</strong></span> <span class='ocrx_word' id='word_1_52' title='bbox 771 1363 961 1444; x_wconf 77' lang='lat' dir='ltr'><strong>audiverat,</strong></span> <span class='ocrx_word' id='word_1_53' title='bbox 977 1363 1141 1430; x_wconf 86' lang='lat' dir='ltr'><strong>narrarit.</strong></span> <span class='ocrx_word' id='word_1_54' title='bbox 1158 1362 1360 1446; x_wconf 82' lang='lat' dir='ltr'><strong>ttxquthus,</strong></span> 
     </span>
     <span class='ocr_line' id='line_1_10' title="bbox 392 1469 1364 1556; baseline 0 -22"><span class='ocrx_word' id='word_1_55' title='bbox 392 1489 467 1556; x_wconf 73' lang='lat' dir='ltr'><strong>que</strong></span> <span class='ocrx_word' id='word_1_56' title='bbox 499 1473 542 1536; x_wconf 88' lang='lat' dir='ltr'><strong>ad</strong></span> <span class='ocrx_word' id='word_1_57' title='bbox 581 1487 696 1536; x_wconf 86' lang='lat' dir='ltr'><strong>mores</strong></span> <span class='ocrx_word' id='word_1_58' title='bbox 730 1479 765 1534; x_wconf 92' lang='lat' dir='ltr'><strong>et</strong></span> <span class='ocrx_word' id='word_1_59' title='bbox 789 1471 944 1535; x_wconf 89' lang='lat' dir='ltr'><strong>instituta</strong></span> <span class='ocrx_word' id='word_1_60' title='bbox 978 1470 1153 1552; x_wconf 85' lang='lat' dir='ltr'><strong>pertinent</strong></span> <span class='ocrx_word' id='word_1_61' title='bbox 1182 1469 1364 1550; x_wconf 83' lang='lat' dir='ltr'><strong>explorare</strong></span> 
     </span>
     <span class='ocr_line' id='line_1_11' title="bbox 393 1564 1363 1664; baseline -0.004 -18"><span class='ocrx_word' id='word_1_62' title='bbox 393 1564 583 1664; x_wconf 65' lang='lat' dir='ltr'><strong>riuumjam</strong></span> <span class='ocrx_word' id='word_1_63' title='bbox 597 1582 697 1646; x_wconf 88' lang='lat' dir='ltr'><strong>nobis</strong></span> <span class='ocrx_word' id='word_1_64' title='bbox 714 1599 783 1646; x_wconf 93' lang='lat' dir='ltr'><strong>non</strong></span> <span class='ocrx_word' id='word_1_65' title='bbox 800 1579 844 1644; x_wconf 86' lang='lat' dir='ltr'><strong>sit</strong></span> <span class='ocrx_word' id='word_1_66' title='bbox 867 1580 904 1642; x_wconf 91' lang='lat' dir='ltr'><strong>in</strong></span> <span class='ocrx_word' id='word_1_67' title='bbox 930 1589 1114 1661; x_wconf 88' lang='lat' dir='ltr'><strong>promptu,</strong></span> <span class='ocrx_word' id='word_1_68' title='bbox 1136 1578 1271 1644; x_wconf 82' lang='lat' dir='ltr'><strong>veriora</strong></span> <span class='ocrx_word' id='word_1_69' title='bbox 1294 1579 1363 1643; x_wconf 90' lang='lat' dir='ltr'><strong>sint</strong></span> 
     </span>
     <span class='ocr_line' id='line_1_12' title="bbox 394 1685 1360 1768; baseline -0.003 -16"><span class='ocrx_word' id='word_1_70' title='bbox 394 1696 478 1768; x_wconf 82' lang='lat' dir='ltr'><strong>opto</strong></span> <span class='ocrx_word' id='word_1_71' title='bbox 500 1704 605 1766; x_wconf 85' lang='lat' dir='ltr'><strong>quam</strong></span> <span class='ocrx_word' id='word_1_72' title='bbox 631 1704 703 1766; x_wconf 75' lang='lat' dir='ltr'><strong>qua</strong></span> <span class='ocrx_word' id='word_1_73' title='bbox 724 1687 767 1750; x_wconf 89' lang='lat' dir='ltr'><strong>de</strong></span> <span class='ocrx_word' id='word_1_74' title='bbox 790 1685 939 1768; x_wconf 84' lang='lat' dir='ltr'><strong>regionis</strong></span> <span class='ocrx_word' id='word_1_75' title='bbox 959 1689 1026 1749; x_wconf 88' lang='lat' dir='ltr'><strong>situ</strong></span> <span class='ocrx_word' id='word_1_76' title='bbox 1052 1696 1085 1750; x_wconf 83' lang='lat' dir='ltr'><strong>et</strong></span> <span class='ocrx_word' id='word_1_77' title='bbox 1107 1688 1218 1750; x_wconf 80' lang='lat' dir='ltr'><strong>torma</strong></span> <span class='ocrx_word' id='word_1_78' title='bbox 1248 1687 1360 1767; x_wconf 88' lang='lat' dir='ltr'><strong>perhi-</strong></span> 
     </span>
     <span class='ocr_line' id='line_1_13' title="bbox 410 1791 1083 1872; baseline -0.006 -18"><span class='ocrx_word' id='word_1_79' title='bbox 410 1791 549 1854; x_wconf 89' lang='lat' dir='ltr'><strong>bentur.</strong></span> <span class='ocrx_word' id='word_1_80' title='bbox 1080 1867 1083 1872; x_wconf 27' lang='grc' dir='ltr'>Ι</span> 
     </span>
    </p>

    <p class='ocr_par' dir='ltr' id='par_1_3' title="bbox 394 1895 1364 2627">
     <span class='ocr_line' id='line_1_14' title="bbox 432 1895 1361 1976; baseline -0.003 -14"><span class='ocrx_word' id='word_1_81' title='bbox 432 1897 588 1976; x_wconf 86' lang='lat' dir='ltr'><strong>Namque</strong></span> <span class='ocrx_word' id='word_1_82' title='bbox 600 1895 647 1961; x_wconf 87' lang='lat' dir='ltr'><strong>ita</strong></span> <span class='ocrx_word' id='word_1_83' title='bbox 661 1897 815 1976; x_wconf 91' lang='lat' dir='ltr'><strong>primum</strong></span> <span class='ocrx_word' id='word_1_84' title='bbox 832 1898 939 1963; x_wconf 85' lang='lat' dir='ltr'><strong>Caesar</strong></span> <span class='ocrx_word' id='word_1_85' title='bbox 957 1921 965 1962; x_wconf 78' lang='grc' dir='ltr'>ι</span> <span class='ocrx_word' id='word_1_86' title='bbox 991 1898 1134 1962; x_wconf 79' lang='lat' dir='ltr'><strong>«insula</strong></span> <span class='ocrx_word' id='word_1_87' title='bbox 1154 1905 1279 1962; x_wconf 88' lang='lat' dir='ltr'><strong>natura</strong></span> <span class='ocrx_word' id='word_1_88' title='bbox 1301 1897 1361 1961; x_wconf 92' lang='lat' dir='ltr'><strong>tri·</strong></span> 
     </span>
     <span class='ocr_line' id='line_1_15' title="bbox 395 2002 1364 2089; baseline 0.001 -21"><span class='ocrx_word' id='word_1_89' title='bbox 395 2011 516 2084; x_wconf 86' lang='lat' dir='ltr'><strong>quetra</strong></span> <span class='ocrx_word' id='word_1_90' title='bbox 535 2027 550 2059; x_wconf 70' lang='lat' dir='ltr'><strong>r</strong></span> <span class='ocrx_word' id='word_1_91' title='bbox 574 2002 633 2086; x_wconf 79' lang='grc'>(4)</span> <span class='ocrx_word' id='word_1_92' title='bbox 652 2003 755 2085; x_wconf 84' lang='lat' dir='ltr'><strong>Cujus</strong></span> <span class='ocrx_word' id='word_1_93' title='bbox 769 2008 914 2071; x_wconf 83' lang='lat' dir='ltr'><strong>sormam</strong></span> <span class='ocrx_word' id='word_1_94' title='bbox 929 2016 1048 2071; x_wconf 90' lang='lat' dir='ltr'><strong>contra</strong></span> <span class='ocrx_word' id='word_1_95' title='bbox 1068 2007 1180 2070; x_wconf 88' lang='lat' dir='ltr'><strong>Livius</strong></span> <span class='ocrx_word' id='word_1_96' title='bbox 1194 2007 1240 2089; x_wconf 78' lang='lat' dir='ltr'><strong>(o)</strong></span> <span class='ocrx_word' id='word_1_97' title='bbox 1252 2005 1364 2070; x_wconf 85' lang='lat' dir='ltr'><strong>llusti-</strong></span> 
     </span>
     <span class='ocr_line' id='line_1_16' title="bbox 397 2111 1364 2198; baseline -0.001 -21"><span class='ocrx_word' id='word_1_98' title='bbox 397 2133 528 2196; x_wconf 89' lang='lat' dir='ltr'><strong>cusque</strong></span> <span class='ocrx_word' id='word_1_99' title='bbox 554 2115 600 2197; x_wconf 84' lang='lat'><strong>(6)</strong></span> <span class='ocrx_word' id='word_1_100' title='bbox 626 2114 781 2198; x_wconf 85' lang='lat' dir='ltr'><strong>oblongae</strong></span> <span class='ocrx_word' id='word_1_101' title='bbox 799 2117 941 2181; x_wconf 87' lang='lat' dir='ltr'><strong>scutulae</strong></span> <span class='ocrx_word' id='word_1_102' title='bbox 966 2115 1012 2198; x_wconf 86' lang='grc'>(7)</span> <span class='ocrx_word' id='word_1_103' title='bbox 1037 2116 1090 2179; x_wconf 86' lang='lat' dir='ltr'><strong>rel</strong></span> <span class='ocrx_word' id='word_1_104' title='bbox 1116 2111 1257 2195; x_wconf 86' lang='lat' dir='ltr'><strong>bipenni</strong></span> <span class='ocrx_word' id='word_1_105' title='bbox 1281 2113 1364 2177; x_wconf 85' lang='lat' dir='ltr'><strong>assi-</strong></span> 
     </span>
     <span class='ocr_line' id='line_1_17' title="bbox 395 2220 1362 2304; baseline -0.004 -20"><span class='ocrx_word' id='word_1_106' title='bbox 395 2222 584 2285; x_wconf 88' lang='lat' dir='ltr'><strong>mulabant.</strong></span> <span class='ocrx_word' id='word_1_107' title='bbox 617 2221 705 2282; x_wconf 91' lang='lat' dir='ltr'><strong>Tum</strong></span> <span class='ocrx_word' id='word_1_108' title='bbox 737 2221 894 2303; x_wconf 86' lang='lat' dir='ltr'><strong>Tacitus,</strong></span> <span class='ocrx_word' id='word_1_109' title='bbox 925 2221 1085 2304; x_wconf 73' lang='lat' dir='ltr'><strong>Agricolae</strong></span> <span class='ocrx_word' id='word_1_110' title='bbox 1113 2238 1239 2302; x_wconf 82' lang='lat' dir='ltr'><strong>gener,</strong></span> <span class='ocrx_word' id='word_1_111' title='bbox 1274 2220 1362 2282; x_wconf 87' lang='lat' dir='ltr'><strong>citra</strong></span> 
     </span>
     <span class='ocr_line' id='line_1_18' title="bbox 394 2325 1361 2406; baseline -0.006 -11"><span class='ocrx_word' id='word_1_112' title='bbox 394 2327 609 2396; x_wconf 84' lang='lat' dir='ltr'><strong>Caledoniam</strong></span> <span class='ocrx_word' id='word_1_113' title='bbox 626 2325 731 2389; x_wconf 91' lang='lat' dir='ltr'><strong>modo</strong></span> <span class='ocrx_word' id='word_1_114' title='bbox 747 2326 834 2390; x_wconf 88' lang='lat' dir='ltr'><strong>hanc</strong></span> <span class='ocrx_word' id='word_1_115' title='bbox 847 2345 920 2392; x_wconf 86' lang='lat' dir='ltr'><strong>esse</strong></span> <span class='ocrx_word' id='word_1_116' title='bbox 933 2328 1056 2392; x_wconf 84' lang='lat' dir='ltr'><strong>faciem</strong></span> <span class='ocrx_word' id='word_1_117' title='bbox 1070 2334 1257 2406; x_wconf 84' lang='lat' dir='ltr'><strong>asseverat,</strong></span> <span class='ocrx_word' id='word_1_118' title='bbox 1273 2326 1361 2389; x_wconf 88' lang='lat' dir='ltr'><strong>dum</strong></span> 
     </span>
     <span class='ocr_line' id='line_1_19' title="bbox 395 2433 1364 2517; baseline -0.004 -17"><span class='ocrx_word' id='word_1_119' title='bbox 395 2435 605 2500; x_wconf 89' lang='lat' dir='ltr'><strong>immensum</strong></span> <span class='ocrx_word' id='word_1_120' title='bbox 616 2441 652 2498; x_wconf 91' lang='lat' dir='ltr'><strong>et</strong></span> <span class='ocrx_word' id='word_1_121' title='bbox 663 2451 806 2501; x_wconf 90' lang='lat' dir='ltr'><strong>enorme</strong></span> <span class='ocrx_word' id='word_1_122' title='bbox 818 2433 969 2515; x_wconf 89' lang='lat' dir='ltr'><strong>spatium</strong></span> <span class='ocrx_word' id='word_1_123' title='bbox 982 2435 1243 2517; x_wconf 76' lang='lat' dir='ltr'><strong>procurantium</strong></span> <span class='ocrx_word' id='word_1_124' title='bbox 1254 2439 1364 2497; x_wconf 80' lang='lat' dir='ltr'><strong>extre-</strong></span> 
     </span>
     <span class='ocr_line' id='line_1_20' title="bbox 396 2543 1364 2627; baseline -0.005 -17"><span class='ocrx_word' id='word_1_125' title='bbox 396 2560 454 2610; x_wconf 90' lang='lat' dir='ltr'><strong>mo</strong></span> <span class='ocrx_word' id='word_1_126' title='bbox 482 2547 550 2627; x_wconf 89' lang='lat' dir='ltr'><strong>jam</strong></span> <span class='ocrx_word' id='word_1_127' title='bbox 585 2544 701 2609; x_wconf 92' lang='lat' dir='ltr'><strong>littore</strong></span> <span class='ocrx_word' id='word_1_128' title='bbox 731 2550 903 2607; x_wconf 79' lang='lat' dir='ltr'><strong>terrarum</strong></span> <span class='ocrx_word' id='word_1_129' title='bbox 936 2543 1032 2607; x_wconf 82' lang='lat' dir='ltr'><strong>velut</strong></span> <span class='ocrx_word' id='word_1_130' title='bbox 1060 2543 1097 2606; x_wconf 92' lang='lat' dir='ltr'><strong>in</strong></span> <span class='ocrx_word' id='word_1_131' title='bbox 1129 2560 1280 2606; x_wconf 86' lang='lat' dir='ltr'><strong>cuneum</strong></span> <span class='ocrx_word' id='word_1_132' title='bbox 1309 2548 1364 2604; x_wconf 89' lang='lat' dir='ltr'><strong>te-</strong></span> 
     </span>
    </p>
   </div>
   <div class='ocr_carea' id='block_1_3' title="bbox 301 2861 1371 4004">
    <p class='ocr_par' dir='ltr' id='par_1_4' title="bbox 440 2861 738 2942">
     <span class='ocr_line' id='line_1_21' title="bbox 440 2861 738 2942; baseline -0.003 -22"><span class='ocrx_word' id='word_1_133' title='bbox 440 2861 485 2942; x_wconf 83' lang='lat' dir='ltr'><strong>(l)</strong></span> <span class='ocrx_word' id='word_1_134' title='bbox 500 2861 591 2937; x_wconf 75' lang='lat' dir='ltr'><strong>trid,</strong></span> <span class='ocrx_word' id='word_1_135' title='bbox 609 2864 738 2921; x_wconf 69' lang='lat' dir='ltr'><strong>ibidrll.</strong></span> 
     </span>
    </p>

    <p class='ocr_par' dir='ltr' id='par_1_5' title="bbox 397 2957 1366 3263">
     <span class='ocr_line' id='line_1_22' title="bbox 440 2957 1366 3050; baseline 0.004 -25"><span class='ocrx_word' id='word_1_136' title='bbox 440 2967 485 3048; x_wconf 78' lang='lat'><strong>(2)</strong></span> <span class='ocrx_word' id='word_1_137' title='bbox 503 2970 543 3026; x_wconf 90' lang='lat' dir='ltr'><strong>Ut</strong></span> <span class='ocrx_word' id='word_1_138' title='bbox 559 2972 614 3048; x_wconf 90' lang='lat' dir='ltr'><strong>qui</strong></span> <span class='ocrx_word' id='word_1_139' title='bbox 632 2957 742 3047; x_wconf 81' lang='lat' dir='ltr'><strong>exigua</strong></span> <span class='ocrx_word' id='word_1_140' title='bbox 756 2977 843 3048; x_wconf 86' lang='lat' dir='ltr'><strong>parte</strong></span> <span class='ocrx_word' id='word_1_141' title='bbox 858 2965 971 3028; x_wconf 81' lang='lat' dir='ltr'><strong>aestatis</strong></span> <span class='ocrx_word' id='word_1_142' title='bbox 996 2971 1115 3049; x_wconf 85' lang='lat' dir='ltr'><strong>reliqua</strong></span> <span class='ocrx_word' id='word_1_143' title='bbox 1137 2989 1153 3028; x_wconf 89' lang='lat' dir='ltr'><strong>e</strong></span> <span class='ocrx_word' id='word_1_144' title='bbox 1169 2972 1268 3029; x_wconf 83' lang='lat' dir='ltr'><strong>Gallia</strong></span> <span class='ocrx_word' id='word_1_145' title='bbox 1292 2985 1366 3050; x_wconf 55' lang='lat' dir='ltr'><strong>pro-¹</strong></span> 
     </span>
     <span class='ocr_line' id='line_1_23' title="bbox 397 3065 1366 3158; baseline 0.002 -23"><span class='ocrx_word' id='word_1_146' title='bbox 397 3077 499 3137; x_wconf 81' lang='lat' dir='ltr'><strong>lectus</strong></span> <span class='ocrx_word' id='word_1_147' title='bbox 525 3079 565 3137; x_wconf 85' lang='lat' dir='ltr'><strong>sit</strong></span> <span class='ocrx_word' id='word_1_148' title='bbox 588 3077 658 3158; x_wconf 86' lang='lat' dir='ltr'><strong>(loc.</strong></span> <span class='ocrx_word' id='word_1_149' title='bbox 691 3079 766 3136; x_wconf 58' lang='lat' dir='ltr'><strong>tuadi</strong></span> <span class='ocrx_word' id='word_1_150' title='bbox 797 3075 877 3156; x_wconf 74' lang='lat'><strong>20),</strong></span> <span class='ocrx_word' id='word_1_151' title='bbox 897 3065 980 3135; x_wconf 85' lang='lat' dir='ltr'><strong>¹ante</strong></span> <span class='ocrx_word' id='word_1_152' title='bbox 1001 3078 1225 3156; x_wconf 80' lang='lat' dir='ltr'><strong>aequinoctium</strong></span> <span class='ocrx_word' id='word_1_153' title='bbox 1255 3078 1366 3137; x_wconf 86' lang='lat' dir='ltr'><strong>eodem</strong></span> 
     </span>
     <span class='ocr_line' id='line_1_24' title="bbox 397 3181 857 3263; baseline 0.002 -23"><span class='ocrx_word' id='word_1_154' title='bbox 397 3184 521 3243; x_wconf 86' lang='lat' dir='ltr'><strong>redierit</strong></span> <span class='ocrx_word' id='word_1_155' title='bbox 533 3183 641 3263; x_wconf 83' lang='lat' dir='ltr'><strong>(llu&#39;d,</strong></span> <span class='ocrx_word' id='word_1_156' title='bbox 658 3184 748 3255; x_wconf 71' lang='lat' dir='ltr'><strong>itit,</strong></span> <span class='ocrx_word' id='word_1_157' title='bbox 765 3181 831 3261; x_wconf 78' lang='lat' dir='ltr'><strong>to).</strong></span> <span class='ocrx_word' id='word_1_158' title='bbox 854 3213 857 3220; x_wconf 91' lang='lat'>·</span> 
     </span>
    </p>

    <p class='ocr_par' dir='ltr' id='par_1_6' title="bbox 301 3271 1365 3472">
     <span class='ocr_line' id='line_1_25' title="bbox 301 3271 1365 3368; baseline 0.003 -23"><span class='ocrx_word' id='word_1_159' title='bbox 301 3355 304 3362; x_wconf 21' lang='grc' dir='ltr'>ι</span> <span class='ocrx_word' id='word_1_160' title='bbox 406 3333 409 3342; x_wconf 28' lang='lat' dir='ltr'><strong>a</strong></span> <span class='ocrx_word' id='word_1_161' title='bbox 442 3279 497 3368; x_wconf 83' lang='grc'>(3)</span> <span class='ocrx_word' id='word_1_162' title='bbox 523 3289 615 3363; x_wconf 89' lang='lat' dir='ltr'><strong>Quod</strong></span> <span class='ocrx_word' id='word_1_163' title='bbox 643 3289 781 3367; x_wconf 89' lang='lat' dir='ltr'><strong>primum</strong></span> <span class='ocrx_word' id='word_1_164' title='bbox 817 3271 963 3364; x_wconf 60' lang='lat' dir='ltr'><strong>Agricolae</strong></span> <span class='ocrx_word' id='word_1_165' title='bbox 998 3295 1136 3366; x_wconf 85' lang='lat' dir='ltr'><strong>tempore</strong></span> <span class='ocrx_word' id='word_1_166' title='bbox 1165 3288 1365 3349; x_wconf 83' lang='lat' dir='ltr'><strong>factumest.</strong></span> 
     </span>
     <span class='ocr_line' id='line_1_26' title="bbox 402 3391 768 3472; baseline 0.003 -22"><span class='ocrx_word' id='word_1_167' title='bbox 402 3392 519 3472; x_wconf 80' lang='lat' dir='ltr'><strong>(Tacit.</strong></span> <span class='ocrx_word' id='word_1_168' title='bbox 537 3395 611 3472; x_wconf 79' lang='lat' dir='ltr'><strong>Agr.</strong></span> <span class='ocrx_word' id='word_1_169' title='bbox 630 3393 678 3449; x_wconf 79' lang='lat' dir='ltr'><strong>rit.</strong></span> <span class='ocrx_word' id='word_1_170' title='bbox 698 3391 768 3472; x_wconf 83' lang='grc'>10).</span> 
     </span>
    </p>

    <p class='ocr_par' dir='ltr' id='par_1_7' title="bbox 443 3499 825 3580">
     <span class='ocr_line' id='line_1_27' title="bbox 443 3499 825 3580; baseline -0.016 -19"><span class='ocrx_word' id='word_1_171' title='bbox 443 3500 488 3580; x_wconf 80' lang='lat' dir='ltr'><strong>(lt)</strong></span> <span class='ocrx_word' id='word_1_172' title='bbox 504 3501 549 3560; x_wconf 81' lang='lat' dir='ltr'><strong>De</strong></span> <span class='ocrx_word' id='word_1_173' title='bbox 564 3501 615 3557; x_wconf 82' lang='lat' dir='ltr'><strong>lrcl.</strong></span> <span class='ocrx_word' id='word_1_174' title='bbox 633 3499 698 3557; x_wconf 83' lang='lat' dir='ltr'><strong>Gal.</strong></span> <span class='ocrx_word' id='word_1_175' title='bbox 718 3501 758 3571; x_wconf 81' lang='lat' dir='ltr'><strong>V,</strong></span> <span class='ocrx_word' id='word_1_176' title='bbox 777 3499 825 3556; x_wconf 82' lang='lat'><strong>13.</strong></span> 
     </span>
    </p>

    <p class='ocr_par' dir='ltr' id='par_1_8' title="bbox 442 3601 1210 3683">
     <span class='ocr_line' id='line_1_28' title="bbox 442 3601 1210 3683; baseline 0 -23"><span class='ocrx_word' id='word_1_177' title='bbox 442 3601 487 3682; x_wconf 88' lang='grc'><strong>(5)</strong></span> <span class='ocrx_word' id='word_1_178' title='bbox 504 3605 541 3659; x_wconf 91' lang='lat' dir='ltr'><strong>ln</strong></span> <span class='ocrx_word' id='word_1_179' title='bbox 555 3604 633 3661; x_wconf 90' lang='lat' dir='ltr'><strong>libro</strong></span> <span class='ocrx_word' id='word_1_180' title='bbox 648 3604 699 3661; x_wconf 86' lang='lat' dir='ltr'><strong>CV</strong></span> <span class='ocrx_word' id='word_1_181' title='bbox 710 3603 778 3678; x_wconf 85' lang='lat' dir='ltr'><strong>jam</strong></span> <span class='ocrx_word' id='word_1_182' title='bbox 796 3602 915 3681; x_wconf 88' lang='lat' dir='ltr'><strong>perdito</strong></span> <span class='ocrx_word' id='word_1_183' title='bbox 932 3601 1021 3683; x_wconf 86' lang='lat' dir='ltr'><strong>(Tac.</strong></span> <span class='ocrx_word' id='word_1_184' title='bbox 1041 3605 1090 3662; x_wconf 84' lang='lat' dir='ltr'><strong>loc.</strong></span> <span class='ocrx_word' id='word_1_185' title='bbox 1109 3605 1176 3662; x_wconf 83' lang='lat' dir='ltr'><strong>laud</strong></span> <span class='ocrx_word' id='word_1_186' title='bbox 1186 3602 1210 3683; x_wconf 86' lang='lat'><strong>).</strong></span> 
     </span>
    </p>

    <p class='ocr_par' dir='ltr' id='par_1_9' title="bbox 444 3705 665 3786">
     <span class='ocr_line' id='line_1_29' title="bbox 444 3705 665 3786; baseline 0.009 -23"><span class='ocrx_word' id='word_1_187' title='bbox 444 3706 488 3786; x_wconf 85' lang='lat' dir='ltr'><strong>(o)</strong></span> <span class='ocrx_word' id='word_1_188' title='bbox 504 3709 577 3764; x_wconf 88' lang='lat' dir='ltr'><strong>Tac.</strong></span> <span class='ocrx_word' id='word_1_189' title='bbox 594 3705 665 3765; x_wconf 82' lang='lat' dir='ltr'><strong>lbid.</strong></span> 
     </span>
    </p>

    <p class='ocr_par' dir='ltr' id='par_1_10' title="bbox 401 3813 1371 4004">
     <span class='ocr_line' id='line_1_30' title="bbox 443 3813 1368 3894; baseline 0.002 -22"><span class='ocrx_word' id='word_1_190' title='bbox 443 3814 454 3894; x_wconf 88' lang='lat'>(</span> <span class='ocrx_word' id='word_1_191' title='bbox 459 3813 489 3894; x_wconf 81' lang='lat' dir='ltr'><strong>l)</strong></span> <span class='ocrx_word' id='word_1_192' title='bbox 501 3815 600 3890; x_wconf 87' lang='lat' dir='ltr'><strong>Cujus</strong></span> <span class='ocrx_word' id='word_1_193' title='bbox 608 3814 646 3871; x_wconf 89' lang='lat' dir='ltr'><strong>de</strong></span> <span class='ocrx_word' id='word_1_194' title='bbox 661 3816 745 3875; x_wconf 85' lang='lat' dir='ltr'><strong>verbi</strong></span> <span class='ocrx_word' id='word_1_195' title='bbox 758 3816 980 3893; x_wconf 63' lang='lat' dir='ltr'><strong>significatione</strong></span> <span class='ocrx_word' id='word_1_196' title='bbox 993 3818 1187 3876; x_wconf 80' lang='lat' dir='ltr'><strong>luculentam</strong></span> <span class='ocrx_word' id='word_1_197' title='bbox 1199 3817 1368 3876; x_wconf 86' lang='lat' dir='ltr'><strong>virdoctis-</strong></span> 
     </span>
     <span class='ocr_line' id='line_1_31' title="bbox 401 3919 1371 4004; baseline -0.004 -24"><span class='ocrx_word' id='word_1_198' title='bbox 401 3923 498 3980; x_wconf 92' lang='lat' dir='ltr'><strong>simus</strong></span> <span class='ocrx_word' id='word_1_199' title='bbox 519 3919 662 3978; x_wconf 79' lang='lat' dir='ltr'><strong>Burnouf</strong></span> <span class='ocrx_word' id='word_1_200' title='bbox 674 3921 919 3982; x_wconf 77' lang='lat' dir='ltr'><strong>dissertationem</strong></span> <span class='ocrx_word' id='word_1_201' title='bbox 935 3925 1065 4002; x_wconf 77' lang='lat' dir='ltr'><strong>scripsit·</strong></span> <span class='ocrx_word' id='word_1_202' title='bbox 1083 3923 1098 4004; x_wconf 91' lang='lat'><em>(</em></span> <span class='ocrx_word' id='word_1_203' title='bbox 1112 3920 1201 3983; x_wconf 78' lang='lat' dir='ltr'><strong>OEuo.</strong></span> <span class='ocrx_word' id='word_1_204' title='bbox 1219 3924 1314 3996; x_wconf 84' lang='lat' dir='ltr'><strong>compl.</strong></span> <span class='ocrx_word' id='word_1_205' title='bbox 1335 3921 1371 3978; x_wconf 83' lang='lat' dir='ltr'><strong>dc</strong></span> 
     </span>
    </p>
   </div>
   <div class='ocr_carea' id='block_1_4' title="bbox 405 4027 770 4108">
    <p class='ocr_par' dir='ltr' id='par_1_11' title="bbox 405 4027 770 4108">
     <span class='ocr_line' id='line_1_32' title="bbox 405 4027 770 4108; baseline -0.005 -18"><span class='ocrx_word' id='word_1_206' title='bbox 405 4031 494 4090; x_wconf 81' lang='lat' dir='ltr'><strong>Tacit.</strong></span> <span class='ocrx_word' id='word_1_207' title='bbox 511 4033 544 4088; x_wconf 90' lang='lat' dir='ltr'><strong>T.</strong></span> <span class='ocrx_word' id='word_1_208' title='bbox 559 4032 614 4102; x_wconf 85' lang='lat' dir='ltr'><strong>Vl,</strong></span> <span class='ocrx_word' id='word_1_209' title='bbox 631 4049 659 4108; x_wconf 90' lang='lat' dir='ltr'><strong>p.</strong></span> <span class='ocrx_word' id='word_1_210' title='bbox 681 4027 770 4108; x_wconf 82' lang='lat'>381).</span> 
     </span>
    </p>
   </div>
   <div class='ocr_carea' id='block_1_5' title="bbox 0 0 1545 5230">
    <p class='ocr_par' dir='ltr' id='par_1_12' title="bbox 0 0 1545 5230">
     <span class='ocr_line' id='line_1_33' title="bbox 0 0 1545 5230; baseline 0 0"><span class='ocrx_word' id='word_1_211' title='bbox 0 0 1545 5230; x_wconf 95' lang='lat' dir='ltr'><strong> </strong></span> 
     </span>
    </p>
   </div>
  </div>
 </body>
</html>
