3062 5230
7 1529 10 1620 i

248 1309 251 1312 .
344 1271 402 1332 qua
423 1268 513 1339 custo
530 1269 619 1314 ricus
638 1271 795 1321 oenomaus
809 1271 1017 1323 tooantvorur.

240 1579 330 1646 inter
340 1577 615 1646 Commentarios
625 1576 1165 1661 quiadbetlumeivitequiquead

201 1680 1166 1768 betiumGaiiieumpertinent,muitum,utjamdi1imuo‚

199 1785 341 1860 interest
350 1789 557 1858 sinceritatis
571 1796 607 1854 et
616 1790 769 1860 veritatis
782 1777 1108 1872 respectulitenim,
1124 1789 1168 1854 de

210 1896 339 1978 Gallico
355 1899 446 1964 betto
456 1897 681 1985 Caesarqunm
693 1898 876 1978 scriberet,
893 1896 957 1962 etsi
970 1915 1041 1962 non
1052 1895 1167 1962 studio

200 2004 297 2070 omni
313 2012 349 2068 et
358 2003 547 2096 cupiditate
563 2006 772 2087 vacaretqui
784 2023 902 2071 rerum
912 2023 932 2069 a
943 2023 980 2068 ee
993 2011 1169 2088 gestarum

199 2109 365 2197 quasdam
380 2113 526 2195 posteris
542 2121 578 2178 et
595 2117 787 2195 praeoertim
800 2113 950 2196 aequaevis
975 2111 1164 2195 arnpiitioa-

199 2224 256 2280 tas
271 2219 419 2298 tradere,
442 2221 607 2301 quasdam
621 2229 737 2305 tegere
752 2232 810 2296 aut
822 2239 1033 2304 componere
1044 2219 1081 2284 in
1095 2217 1170 2284 ani·

200 2326 920 2412 mohaberet,tameuprnpterrerumiere
929 2332 1172 2397 universarum

201 2433 492 2517 magnitudinem,
502 2455 566 2517 per
574 2435 753 2504 intervalia
764 2442 901 2502 tautum
914 2441 950 2497 et
958 2433 1169 2513 spiramenta

206 2545 407 2621 temporum
432 2539 541 2607 animi
570 2541 694 2613 vitium
718 2537 936 2620 erumpebat.
956 2533 1040 2598 Belli
1063 2532 1172 2598 ciritio

203 2661 286 2733 roro
301 2651 423 2714 auctor
439 2643 532 2716 idem
554 2653 590 2714 et
605 2653 777 2727 narrator,
789 2644 833 2707 de
844 2659 881 2708 se
895 2641 970 2724 ipso
985 2635 1082 2727 qnasi
1092 2655 1174 2707 cau-

204 2752 475 2834 ramtliressdam
487 2753 647 2834 habebat,
664 2753 725 2837 qui
737 2753 854 2838 legum
867 2757 1079 2831 senatusque
1090 2765 1174 2813 aue-

134 2925 141 2930 .
203 2857 392 2939 toritatem,
407 2860 581 2941 publicam
597 2861 701 2930 etiam
712 2861 917 2940 libertatem,
930 2875 1047 2922 mores
1064 2863 1171 2938 atque

206 2962 368 3030 instituta
380 2983 553 3048 malorum
563 2967 839 3050 impugnaverat,
848 2964 1034 3032 devicerat
1052 2962 1177 3026 obrue-

208 3080 263 3137 rat
272 3073 411 3156 privatae
425 3071 584 3139 utilitatis
593 3072 712 3155 gratia.

252 3181 335 3262 Quae
348 3181 467 3245 omnia
480 3178 642 3264 equidem
654 3177 688 3259 (a
692 3163 806 3238 solitis
819 3169 960 3233 enimet
974 3165 1110 3231 obtritis
1122 3167 1178 3236 de-

211 3281 474 3348 clamationibus
499 3285 721 3361 summopere
743 3270 965 3352 cavendum)
992 3277 1086 3334 certe
1109 3268 1179 3333 seio

139 3401 142 3406 '
216 3407 276 3470 qur
266 3387 331 3455 de
342 3405 462 3456 rerum
478 3394 605 3471 natura
620 3383 777 3463 verisque
790 3376 911 3462 populi
927 3374 1070 3442 Romani
1083 3393 1180 3440 eum-

210 3495 503 3569 moderationem
516 3490 695 3570 habuerit,
709 3507 792 3554 eum
803 3479 1182 3565 muitisetgravibuade

213 3603 323 3670 causis
345 3602 567 3695 laudaturum
587 3608 620 3662 et
635 3593 947 3676 comprobaturum
963 3601 1047 3649 esse
1064 3581 1182 3662 Quum

212 3714 322 3801 jam
290 3708 387 3774 eninr
396 3707 574 3782 nisiunius
586 3704 622 3770 in
636 3699 784 3783 imperio
797 3693 907 3780 (quod
914 3695 1060 3759 eventus
1068 3691 1182 3750 osten

218 3807 315 3904 derat
329 3817 433 3892 atque
444 3812 572 3877 itenrm
583 3811 781 3889 iterumque
795 3798 968 3883 ostendit)
986 3788 1184 3876 reipublicae

215 3938 282 4018 pax
293 3925 353 3984 aut
364 3919 615 3990 saiusessenon
628 3921 758 4000 posset,
777 3908 853 3994 quis
868 3927 939 3974 non
956 3899 1182 3971 fateaturCae-

217 4043 324 4117 ,sorem
342 4023 471 4106 gioria,
494 4024 635 4108 peritia,
648 4020 824 4105 dignitate,
839 4010 1043 4082 auctoritate
1062 4008 1184 4072 Rorna-
1246 4057 1255 4078 ,
