3062 5230
763 489 923 552 -sa-
1001 563 1003 568 ,

364 640 434 704 quo
450 622 590 688 nomine
604 623 685 689 deos
698 623 851 688 colerent
865 643 873 704 ;
888 629 981 701 tum,
999 635 1118 684 rernm
1135 616 1179 680 de
1193 622 1329 692 natura,

363 735 607 809 astrorumque
617 727 781 807 motibus,
799 729 839 793 de
857 725 1027 792 medicina
1042 723 1147 788 etiam
1165 737 1250 802 quas
1267 735 1331 783 no-

363 834 474 900 tiones
495 834 678 914 haberenl3
701 835 888 919 alienigena
913 842 949 899 et
971 831 1090 910 hostis,
1118 829 1240 910 lingue
1259 825 1330 908 gal·

362 939 436 1004 licae
449 937 643 1020 imperitus,
657 940 915 1023 deprehendere
928 939 990 1020 qui
1002 936 1183 1021 potuisset,
1202 931 1333 996 druidi-

361 1048 427 1112 bus
438 1045 532 1108 nelas
546 1063 656 1125 quum
672 1054 762 1111 esset
773 1066 872 1113 suam
897 1048 933 1112 in
949 1045 1091 1129 vulgum
1109 1039 1328 1122 disciplinam

362 1148 503 1230 efferre,
519 1169 665 1232 eamque
686 1153 872 1218 idcircone
889 1153 1010 1218 lilleris
1025 1151 1167 1233 quidem
1181 1146 1326 1214 manda·

362 1264 441 1321 rent
464 1257 535 1342 (ηρ
560 1260 606 1324 lle
629 1261 682 1328 his
708 1279 791 1344 ergo
810 1263 973 1328 omnibus
996 1261 1044 1327 nil
1060 1242 1192 1326 minim
1209 1251 1328 1341 paucis

362 1363 448 1430 adeo
459 1363 622 1430 Caesarem
636 1369 761 1434 dixisse
775 1386 850 1450 quae
862 1385 1004 1450 prorsus
1015 1368 1175 1450 ignarum
1184 1371 1328 1430 sonant:

404 1495 420 1526 ι
437 1470 609 1553 inprimis
624 1475 792 1559 (druides)
810 1477 876 1542 hoc
895 1476 1016 1539 volunt
1035 1471 1243 1555 persuadere
1256 1487 1328 1535 non

361 1574 501 1642 interire
527 1581 674 1662 animos,
697 1583 758 1646 sed
775 1583 819 1646 ab
836 1581 910 1646 aliis
929 1590 1007 1663 post
1020 1585 1171 1643 morlem
1184 1576 1329 1641 transire

361 1683 406 1754 ad
426 1681 521 1758 alins.
542 1731 562 1750 ..
580 1688 682 1753 Multa
706 1695 870 1772 preterea
885 1690 929 1753 de
951 1687 1120 1753 sideribus
1143 1692 1248 1765 atque
1271 1703 1330 1751 ee-

360 1810 439 1856 rum
456 1803 567 1874 motu,
584 1797 627 1862 de
641 1797 764 1862 mundi
774 1807 1005 1894 deterrarum·
1015 1796 1269 1881 magnitudine,
1286 1796 1330 1859 de

364 1917 484 1968 rerum
498 1909 635 1984 natura,
648 1904 691 1968 de
703 1906 847 1972 deomm
859 1905 1109 1970 immortalium
1123 1904 1156 1971 ri
1166 1922 1206 1969 ac
1220 1905 1332 1986 poles

359 2013 429 2072 tate
443 2001 622 2092 disputant
635 2019 671 2076 el
684 1999 858 2093 juven'luti
870 2012 1053 2076 transdunl
1068 2010 1127 2094 (2).
1151 2037 1166 2068 ι

400 2116 499 2198 Tum,
517 2125 634 2182 truces
659 2117 735 2184 illos
755 2127 859 2201 atque
871 2119 1028 2184 horridos
1043 2118 1221 2184 Gallorum
1231 2120 1328 2189 deos,

360 2222 525 2298 silvarum
541 2224 577 2287 in
604 2225 735 2289 intimis
755 2225 1186 2308 sanguinem‚p1⁹aeserlim
1207 2226 1330 2288 hnma-

359 2344 455 2408 rum,
491 2326 669 2408 sitientes,
709 2329 851 2409 desum,
883 2331 1083 2411 Teutatem,
1109 2328 1265 2394 Taranim
1294 2335 1330 2390 el

359 2433 526 2502 Belenum
547 2451 635 2514 quos
650 2435 693 2498 ad
710 2433 897 2516 Olympum
912 2437 1092 2516 quomodo
1105 2439 1331 2518 congregaret

363 2539 501 2612 Graccus
513 2541 571 2605 ille
584 2542 725 2607 luciani
739 2543 926 2608 Mercurius
938 2544 1113 2608 nesciebat
1125 2541 1185 2626 (3),
1204 2539 1332 2605 Phaeni-

361 2673 443 2720 cum
454 2663 548 2720 certe
560 2674 667 2737 quam
680 2656 878 2722 Graecorum
892 2662 928 2719 el
946 2656 1182 2719 Romanorum
1205 2648 1269 2712 diis
1283 2647 1330 2711 si-

255 2817 256 2822 ,
361 2761 530 2839 miliores;
545 2762 698 2825 Romano
715 2764 867 2842 quodam
883 2762 1007 2826 vestitu
1019 2769 1054 2825 et
1067 2757 1208 2823 nornine
1224 2757 1332 2822 Caesar

362 2865 554 2958 decoravit3
569 2873 654 2955 quin
667 2877 703 2934 el
715 2871 887 2962 Romanos
907 2886 1048 2951 prorsus
1065 2885 1215 2949 suosque
1232 2881 1332 2948 agno-

361 2974 413 3040 vit
423 2974 471 3042 ila
487 2979 548 3060 qui
562 2979 735 3060 loquitur:

406 3083 545 3149 «Deum
571 3085 719 3148 maxime
749 3086 943 3150 Mercedem
967 3087 1098 3149 colunt.
1124 3086 1229 3166 liujus
1250 3088 1332 3146 sunl

362 3188 513 3270 plurima
526 3189 710 3254 simulacra
726 3187 796 3276 (403
818 3167 913 3253 liunc
940 3189 1098 3254 omnium
1119 3188 1333 3254 inventorem

362 3294 490 3359 artium
505 3297 633 3376 lerunt,
644 3295 737 3359 hunc
748 3294 884 3360 viarum
900 3303 1005 3376 atque
1017 3295 1182 3362 itinerum
1196 3295 1333 3374 ducem,

470 3825 507 3880 In
522 3822 595 3886 dial.
613 3828 667 3906 qui
682 3827 805 3885 inscrib.
823 3828 934 3902 Jirpt'ler
951 3828 1084 3905 tragicus.

443 3929 454 4010 )
472 3931 552 3990 Sunt
570 3933 623 4010 qui
639 3941 753 4009 negant
770 3935 930 3992 Gallorum
945 3933 1003 3992 diis
1024 3934 1142 4012 templa
1157 3932 1262 4012 aliqua
1281 3941 1337 4004 aut

366 4036 535 4097 simulacra
549 4037 692 4098 adfuisse.
712 4041 826 4099 Caesari
840 4049 947 4102 tamen
963 4041 1166 4105 credendum.
