3062 5230
771 444 932 510 46„-

367 588 447 665 nia,
474 579 610 648 Afranio
626 586 661 644 et
687 577 819 644 l‘etreto
843 575 1008 657 devictis,
1031 576 1094 640 sibi
1120 583 1336 645 sacramento

368 687 557 774 adegerat(
577 686 602 768 ).

409 794 527 878 Quid,
556 792 650 875 quod
671 791 859 856 alienatum
886 807 907 858 a
934 788 1151 872 Pompeianis
1179 789 1337 856 animum

368 901 557 968 identidem
568 899 657 964 male
664 897 776 982 legati
788 895 942 978 Pompeii
952 895 1047 959 enim
1057 895 1101 960 ad
1110 895 1338 978 Dyrrachium

366 1005 505 1090 uictoris
518 1003 656 1070 laudern
669 1001 835 1084 deprimit
848 1043 858 1080 ‚
881 1019 987 1082 quem
1004 1000 1145 1068 insidias
1155 1001 1337 1070 timentem

366 1127 481 1192 neque
494 1107 747 1177 munitionibus
759 1105 1039 1188 appropinquare
1050 1105 1264 1186 aliquamdiu
1275 1123 1338 1170 an⁴

365 1218 505 1280 dentem
531 1213 707 1293 ostendit,
736 1211 835 1294 quasi
856 1210 1050 1292 inopinanti
1076 1210 1220 1278 victoria
1249 1211 1337 1278 torte

369 1323 507 1388 fortuna
519 1305 702 1384 decidisset
711 1318 770 1400 (i).
783 1318 874 1382 Duos
884 1316 991 1382 etiam
1004 1316 1338 1399 intensissimosqui·
1402 1311 1407 1320 “

365 1430 448 1494 dem
461 1427 578 1493 hostes
598 1422 804 1489 deridendos
818 1421 989 1506 propinat.
1007 1421 1042 1488 G
1059 1423 1244 1489 Lentulum
1253 1439 1338 1494 con·
1450 1505 1454 1513 ι

278 1535 282 1546 ’
369 1525 480 1605 sulem
493 1535 566 1618 qui,
582 1530 737 1598 narranti
748 1532 776 1597 si
790 1532 875 1606 fides
887 1531 949 1611 sit,
965 1533 1112 1596 alterum
1126 1549 1163 1596 se
1174 1531 1251 1607 iore
1263 1530 1338 1598 Sul-

367 1635 439 1702 lam
455 1640 546 1702 inter
564 1653 645 1702 suos
655 1635 868 1719 gloriabatur
884 1637 950 1720 (3);
967 1637 1165 1735 Scipionem
1176 1646 1338 1738 praeterea
1361 1637 1365 1646 '

364 1761 488 1825 quern,
503 1741 720 1807 detrimentis
740 1741 969 1834 quibusdam,
989 1743 1055 1825 ait,
1073 1743 1165 1814 circa
1179 1753 1336 1810 montem

366 1847 537 1914 Amanum
551 1847 713 1930 acceptis,
730 1865 802 1914 sese
815 1848 1063 1934 imperatorem
1072 1850 1263 1932 appellasse
1275 1851 1334 1936 (t),

363 1973 473 2036 quem
495 1961 531 2020 et
546 1955 685 2039 ignavie
710 1973 751 2022 ac
772 1973 862 2037 pene
889 1954 1036 2025 intanta
1061 1955 1261 2032 insimulare
1288 1960 1338 2024 ri-

362 2063 502 2144 (icatur,
525 2082 567 2129 eo
592 2064 689 2144 quod
715 2063 833 2146 copias
855 2070 936 2130 autc
963 2064 1113 2129 frontem
1143 2071 1337 2131 castrorum

366 2169 579 2234 continuerit
600 2169 755 2252 praelium
770 2187 879 2252 quum
893 2169 1124 2251 otteramno
1145 2179 1271 2250 noctu,
1291 2189 1336 2234 ne

361 2275 585 2340 conclamatis
599 2274 741 2358 quidem
761 2276 867 2353 rasIs,
892 2276 983 2340 ultra
1001 2277 1252 2342 Haliacmonem
1272 2273 1335 2338 ilu-

364 2395 447 2442 men
474 2397 512 2442 se
539 2377 712 2462 receperit
739 2377 797 2462 (5).
832 2379 997 2445 Caesarem
1021 2388 1135 2444 tamen
1158 2386 1194 2443 et
1219 2378 1334 2460 ipsum

361 2492 516 2566 constat,
531 2485 695 2550 omnibus
717 2485 885 2568 inbellis,
904 2487 938 2552 id
952 2486 1093 2552 solitum
1113 2483 1272 2550 hahuisse
1295 2493 1336 2551 ut

364 2592 463 2656 nullo
476 2609 558 2655 cum
576 2592 676 2656 hoste
690 2591 812 2674 iniquo
825 2593 904 2657 loco
916 2600 977 2658 aut
990 2594 1134 2658 adverso
1156 2593 1262 2658 Marte
1278 2590 1338 2657 de-

360 2703 533 2774 certaret,
555 2696 640 2775 quin
662 2705 697 2761 et
724 2697 921 2778 prudentia
943 2717 1081 2764 recessu
1096 2716 1182 2780 saepe
1197 2697 1335 2764 initium

358 2799 522 2862 vincendi
546 2799 680 2879 secisse,
700 2798 760 2880 qui
781 2817 800 2862 e
819 2799 983 2882 Gergovia
1003 2804 1046 2866 ad
1063 2803 1208 2868 Alesiam
1232 2803 1336 2871 adro·

291 2923 293 2935 ·
359 2903 480 3000 laverit
495 2910 530 2968 et
543 2921 563 2970 a
576 2903 762 2986 Dyrrachio
776 2905 903 2988 ingerit
915 2907 958 2970 ad
971 2907 1171 2972 Pharsalum
1185 2909 1245 2994 (6).

402 3116 448 3200 (Ι)
463 3121 580 3198 Turpio
602 3118 642 3178 dc
654 3120 768 3180 Crissd:
789 3119 1005 3180 commentores
1026 3121 1059 3178 de
1084 3117 1186 3199 Cesar,
1210 3140 1272 3184 avec
1288 3122 1335 3180 des

360 3235 437 3284 notes
449 3226 600 3306 critiques,
615 3226 780 3304 historiques
795 3236 821 3285 et
838 3229 983 3287 nailitnires
991 3270 1001 3299 ,
1027 3227 1125 3298 1785,
1141 3227 1161 3286 Ι.
1177 3227 1241 3301 ΙΙΙ,
1259 3247 1290 3306 p.
1304 3227 1331 3286 l.

403 3331 450 3414 (2)
464 3333 509 3395 Dc
524 3333 576 3392 tet.
600 3333 650 3391 cio.
668 3333 735 3406 ΙΙΙ,
761 3334 810 3393 70.

403 3438 450 3520 (3)
467 3436 540 3498 ibid.
560 3441 589 3513 1,
606 3441 634 3500 lt.

402 3544 449 3626 (lt)
459 3543 532 3604 litu.
546 3547 608 3620 ΙΙΙ,
624 3545 672 3604 di.

403 3648 449 3730 (5)
454 3648 528 3712 litu.
539 3650 597 3725 ΙΙΙ,
607 3650 698 3709 at-
708 3651 749 3711 Se
760 3652 874 3713 viribus
884 3653 1063 3714 inferiorem
1071 3651 1174 3730 Scipio
1182 3659 1328 3712 senserat.

404 3752 450 3835 (6)
465 3754 586 3814 Bellum
607 3757 702 3816 ctiam
727 3758 871 3820 adversus
889 3761 996 3838 Belgas
1010 3757 1114 3820 videas
1131 3777 1194 3838 quo
1209 3757 1330 3817 hostem

362 3861 562 3921 simulatione
582 3863 700 3924 timoris
722 3874 753 3924 et
770 3864 853 3944 iugae
877 3867 981 3926 cesar
1003 3869 1169 3944 superavit.
1190 3863 1327 3943 (Debet.

363 3965 440 4026 Gatt.
457 3967 495 4039 V,
516 3965 584 4045 50).
