3062 5230
592 502 752 564 ...fii-

188 653 322 704 earnes.
344 639 389 702 Le
414 645 505 702 reste
524 645 610 720 peut
632 636 847 716 s'entendre3
870 652 930 702 car
952 631 1051 700 l'alan'
1075 637 1157 700 ales

188 743 319 826 jambes
347 743 416 808 tort
441 742 553 808 roidos
566 787 576 824 ,
591 742 815 808 'o’est-a-dire
842 744 891 808 les
920 743 1158 809 articulations

188 850 418 929 tres-formem
429 855 465 912 et
477 861 615 914 comme
624 849 672 912 les
683 847 824 914 anciens
837 848 965 914 etaient
974 846 1160 930 persuades

191 954 273 1038 qu'il
294 972 318 1037 y
334 952 426 1022 avait
445 953 507 1017 des
524 952 703 1035 animaux,
717 953 781 1018 tels
798 969 866 1034 que
878 939 1082 1035 l'elephant,
1099 949 1160 1032 qui

191 1081 235 1128 na
250 1063 439 1149 pouvaient
453 1061 491 1127 ni
502 1061 588 1145 plier
602 1065 652 1128 les
664 1064 811 1147 jambos,
836 1061 872 1126 ni
892 1081 929 1127 se
945 1061 1114 1142 conditer,
1135 1059 1159 1122 il

191 1173 279 1235 n'est
293 1187 354 1251 pas
367 1167 535 1234 eitonnant
547 1167 648 1251 qn’ils
657 1169 750 1234 aient
762 1168 914 1234 attribue
928 1165 1059 1236 al’elan
1071 1173 1162 1232 cette

193 1267 303 1361 partie
315 1277 359 1340 de
371 1277 402 1340 la
416 1275 503 1340 labie
514 1276 575 1341 des
591 1275 771 1359 elephants
787 1302 802 1334 »
820 1275 877 1360 (l).

232 1387 357 1466 Maiora
381 1383 535 1465 quadam
560 1386 747 1468 aggredior.
767 1387 922 1468 Namque
945 1387 987 1452 de
1009 1387 1162 1450 serarum

194 1493 387 1573 aliquarum
412 1489 526 1571 speeie
550 1497 585 1554 et
610 1492 720 1555 forma
747 1509 880 1556 errasse
904 1492 1088 1572 Caesarem,
1110 1505 1164 1554 res

194 1597 275 1662 loris
287 1603 357 1677 est,
371 1599 502 1676 fateor,
519 1605 554 1660 et
569 1596 705 1661 minimi
722 1597 903 1662 momenti.
914 1596 1016 1678 Quod
1026 1613 1108 1660 vero
1119 1597 1164 1659 de

194 1701 371 1772 Gallorum
385 1699 543 1766 moribus
564 1708 601 1765 et
622 1701 785 1783 religione
806 1697 959 1784 scripsit,
986 1702 1021 1766 id
1042 1720 1164 1767 verum

195 1802 367 1873 salsu'm'ne
384 1808 429 1872 sit
454 1808 651 1889 percontari
679 1815 713 1900 et
730 1827 830 1874 nosse
851 1808 1032 1887 omnium,
1049 1816 1168 1873 nostra

196 1913 406 1995 praesertim,
422 1915 586 1998 interestr
601 1915 666 1980 nisi
686 1915 780 1998 quod
804 1921 945 1997 patrum
967 1921 1167 1979 nostrorum

197 2020 382 2087 sitanobis
394 2018 547 2090 alienum
560 2039 633 2088 esse
652 2022 901 2102 putaverimus.

237 2126 354 2208 Neque
366 2125 661 2208 inficiasprimum
674 2126 732 2192 ibo
744 2127 788 2191 de
799 2125 840 2191 iis
853 2125 1104 2208 omnibusque
1117 2123 1171 2191 res

197 2235 241 2298 ad
255 2241 413 2298 externas
429 2234 639 2317 pertineant,
656 2255 733 2318 quae
743 2236 838 2302 clara
857 2236 935 2304 luce
945 2243 981 2300 et
991 2236 1171 2319 propalam

197 2346 395 2419 agerentur,
410 2355 535 2405 omnes
552 2341 644 2405 inter
660 2341 876 2423 antiquitatis
894 2338 1078 2407 historicos
1100 2341 1170 2406 Cae-

198 2461 310 2508 sarem
330 2443 469 2525 diserte,
484 2453 564 2527 apte
583 2454 618 2510 et
635 2446 788 2511 scienter
795 2447 1007 2526 narravisse;
1023 2447 1096 2528 qui,
1111 2447 1171 2510 de-

198 2567 275 2616 cem
306 2557 383 2631 post
402 2568 531 2634 annos,
553 2570 671 2624 rernm
695 2552 942 2618 consuetudine
969 2554 1039 2634 jam
1063 2568 1173 2634 prope

201 2653 334 2733 Gallus,
349 2655 465 2738 agnita
490 2673 531 2728 ea
554 2665 590 2720 et
611 2665 792 2739 comperta
808 2655 916 2740 magis
928 2654 1057 2720 habere
1074 2654 1174 2718 debe·

200 2767 370 2841 retquam
383 2762 445 2843 qui
459 2763 622 2828 maxime.
647 2764 778 2846 ltaque,
805 2764 848 2827 de
858 2763 962 2828 variis
981 2763 1170 2832 hominum

198 2868 392 2950 generibus:
404 2869 581 2952 druidum,
603 2870 763 2952 equiturn
778 2876 814 2933 et
829 2868 940 2951 plebis
957 2875 993 2933 et
1006 2871 1174 2952 cujusque

201 2973 244 3043 de
256 2971 420 3057 dignitate
437 2983 472 3040 et
489 2976 692 3043 muneribus
710 2961 769 3060 (i),
791 2983 867 3040 turn
890 2976 995 3041 etiam
1010 2976 1053 3040 de
1072 2979 1176 3042 saeri-

201 3083 285 3152 fioiis
297 3087 446 3168 publicis
465 3087 682 3171 publicisque
707 3087 932 3170 religionibus
943 3094 978 3151 et
991 3086 1171 3151 funeribus

202 3209 278 3271 quae
288 3191 453 3257 dicuntur
466 3195 526 3277 (3),
543 3175 732 3258 certissima
743 3211 781 3268 ea
795 3191 939 3258 omnino
951 3199 986 3255 et
1001 3191 1043 3256 ab
1054 3209 1176 3273 exper-

202 3296 471 3368 todiotanemo
492 3298 626 3380 estqui
649 3317 719 3363 non
745 3299 901 3362 fateatur.
925 3296 1069 3361 Druides
1093 3314 1175 3362 vero

203 3405 287 3485 quid
307 3406 473 3472 docerent
491 3406 602 3488 (apud
626 3425 713 3488 quos
729 3407 886 3472 nonnulli
905 3407 1043 3471 vicenos
1071 3404 1176 3470 etiam

203 3517 357 3586 annosin
367 3517 548 3600 disciplina
560 3517 846 3601 permanerent),
861 3525 948 3598 quot
959 3525 994 3580 et
1009 3516 1132 3598 quales
1142 3524 1177 3580 et

248 3836 293 3916 (l)
312 3838 421 3896 Brrffon
436 3881 444 3910 ,
462 3838 538 3896 illst.
556 3847 615 3896 not.
635 3841 669 3897 T.
687 3837 816 3916 x11,p.
834 3839 884 3895 83.

246 3943 292 4024 (ἲ)
310 3944 353 4003 Da
370 3945 420 4003 bel.
443 3945 527 4017 Get,
552 3945 612 4017 VI,
629 3947 676 4005 lt.

227 4065 229 4071 ⁴
255 4047 300 4132 (ὃ)
316 4048 386 4118 ibid.
397 4094 406 4124 ‚
423 4051 486 4110 itit.
508 4053 561 4126 16,
581 4053 628 4114 la.
