3084 5234
792 438 830 448 ..
853 403 891 464 gg
913 437 950 446 „-

385 541 419 596 et
435 533 570 600 tantum
588 532 737 616 regionis
752 532 953 598 munitionis
968 531 1066 595 labor
1088 530 1273 613 complecti
1286 533 1348 598 dc-

382 629 507 720 buerit,
523 647 562 703 ut
576 658 619 702 ne
632 639 749 720 perlici
765 637 904 719 quidem
920 645 1035 719 posset
1048 637 1105 720 (1).
1116 625 1235 718 ltaque
1248 639 1355 722 Pom-V

381 729 507 827 pelani,
522 755 753 827 opportunam
770 745 985 812 occasionem
999 745 1109 826 nacti,
1125 745 1258 828 impetu
1279 748 1347 811 sac-

380 849 428 934 to,
445 852 660 934 admotisque
677 855 832 936 naribus,
844 872 914 919 non
930 854 1034 918 modo
1046 854 1200 918 bostium
1217 841 1347 920 vallum

379 959 414 1025 ct
426 959 534 1025 aciem
547 967 803 1042 perruperunt,
817 961 877 1024 sed
892 961 1026 1024 duabus
1040 978 1098 1025 eos
1114 978 1185 1024 tina
1202 961 1257 1024 die
1271 968 1345 1024 tan-

377 1065 422 1130 tis
434 1066 589 1132 cladibus
600 1069 800 1146 allecerunt,
815 1070 936 1149 utiam
949 1067 1061 1132 victus
1074 1067 1192 1148 Caesar,
1205 1068 1345 1132 vincere

377 1171 407 1238 si-
430 1175 612 1256 Pompcius
627 1174 781 1240 scivisset
792 1175 853 1258 (2),
872 1175 916 1240 ad
930 1174 1134 1240 Thessaliam
1158 1178 1276 1260 lugere
1293 1182 1344 1239 at-

377 1301 445 1364 que
473 1301 614 1348 omnem
642 1283 723 1347 belli
751 1282 922 1346 rationem
958 1289 1178 1347 commutare
1206 1288 1346 1347 coaetus

375 1389 419 1452 sit
433 1388 491 1472 (3).

414 1478 495 1576 Qu'ae
519 1494 636 1559 omnia
657 1495 745 1559 fictis
771 1493 1003 1574 nequicquam
1026 1493 1216 1558 rationibus
1240 1495 1346 1559 Caesar

374 1598 539 1680 defendit,
565 1599 626 1680 qui
650 1599 861 1680 paucitatem
878 1598 1029 1662 militum
1057 1598 1253 1680 praetendit,
1279 1599 1343 1662 ini-

374 1703 543 1784 quitatem
560 1703 625 1794 loci
639 1712 744 1796 atque
760 1704 955 1786 angustias,
971 1703 1157 1786 ancipitem
1173 1712 1346 1768 terrorem

373 1809 463 1873 intra
476 1817 642 1891 extraque
655 1811 886 1892 munitiones,
910 1810 1097 1874 abscissum
1112 1811 1147 1872 in
1167 1812 1252 1875 duas
1267 1829 1345 1892 par-

374 1922 423 1979 tes
437 1919 628 2012 exercitum
656 1921 766 1998 quum
790 1916 895 1980 altera
922 1899 1020 1980 alteri
1041 1935 1244 1981 succurrere
1272 1937 1344 1982 non

372 2026 487 2103 posset
510 2023 571 2105 (l).
605 2023 691 2087 Vera
721 2025 839 2089 omnia
867 2025 1109 2104 quidem,.sed
1132 2023 1243 2088 victos
1270 2044 1345 2106 quae

371 2137 552 2210 nunquam
566 2113 731 2194 deliciunt
746 2137 781 2192 et
792 2147 862 2193 uno
883 2131 1006 2196 melius
1019 2132 1125 2195 verbo
1138 2150 1179 2196 ex
1193 2132 1342 2212 impera-

370 2235 504 2299 toribus
530 2226 738 2297 clarissimus
761 2235 816 2296 ille
839 2240 874 2296 et
896 2235 1118 2316 nuperrimus
1141 2225 1338 2318 expressit:

372 2343 469 2408 ducis
485 2343 699 2408 temeritatem
717 2344 777 2426 (5).
948 2339 951 2350 “

410 2556 542 2619 Diversis
555 2562 670 2636 spargit
687 2562 835 2633 tumulis,
854 2569 890 2617 ut
906 2546 1035 2620 Caesaris
1048 2581 1134 2622 anna

411 2669 521 2733 Laxet,
538 2673 568 2722 et
590 2666 688 2724 elluso
702 2668 903 2724 claudentem
917 2669 1016 2726 milite
1028 2671 1145 2730 tendat.
1162 2697 1174 2726 s

686 2859 690 2864 Ι
968 2773 1087 2852 (Phars.
1108 2781 1165 2852 Vl,
1183 2781 1256 2862 10),

410 2875 456 2972 (ll
474 2874 671 2960 stupendum
691 2875 859 2964 hocopus,
879 2879 1021 2964 Appiano
1034 2889 1121 2954 teste,
1149 2884 1336 2946 ducentand

368 2982 465 3039 stadia
479 2983 511 3038 in
524 2982 656 3040 circuitu
678 2983 920 3055 extendebatur,
944 2987 1071 3061 gallice:
1087 2989 1154 3048 huit
1175 2991 1282 3052 lienes.
1294 2981 1336 3040 ζ-

371 3083 453 3161 Cous.
466 3085 625 3156 Lemaire,
648 3085 677 3143 ἰη
692 3081 761 3148 Coes.
781 3089 815 3143 T.
833 3089 879 3159 II,
895 3108 926 3166 p.
944 3089 1020 3180 246,
1036 3094 1144 3176 ηομῖ.

409 3190 440 3268 (2
473 3191 606 3248 Verbum
623 3193 752 3280 Caesaris
762 3194 846 3271 quod
856 3212 966 3277 omnes
981 3195 1117 3257 historici
1131 3214 1269 3263 narrant.

408 3403 438 3482 (lt
464 3402 508 3460 De
525 3403 574 3460 bet.
592 3403 642 3460 eir.
660 3404 723 3476 111,
739 3401 786 3458 72.

408 3190 454 3380 (33
469 3301 514 3358 De
530 3300 582 3356 tet.
599 3301 648 3357 cie.
665 3303 728 3372 ΙΙΙ,
748 3281 803 3372 62,
819 3320 862 3379 sq.
878 3336 917 3345 —
931 3304 978 3362 llt.

407 3401 453 3586 (δί
468 3509 580 3565 Nolam
597 3507 688 3564 adeas
704 3507 743 3563 ad
756 3525 824 3586 pag.
841 3508 875 3564 37
901 3511 952 3567 cui
978 3510 1045 3568 haec
1066 3512 1160 3566 etiam
1188 3511 1333 3573 addenda
1351 3475 1354 3484 Ι

365 3622 453 3669 sunt:

407 3747 417 3767 s·
435 3721 518 3776 Dans
529 3737 576 3774 ses
590 3721 682 3777 trcize
702 3738 907 3798 campagnes,
932 3723 1026 3779 Cesar
1039 3739 1056 3778 a
1070 3723 1117 3780 dte
1130 3705 1242 3785 vaineu
1257 3726 1331 3782 trois

362 3823 438 3882 fois:
453 3826 471 3884 it
483 3824 706 3919 Dyrrachium,
723 3827 742 3884 ai
757 3827 950 3901 Alexandria,
964 3847 1003 3884 en
1019 3829 1153 3909 Afrique.
1171 3855 1185 3884 s

534 3933 816 4012 Napoleon,Pre'cis
828 3934 873 3993 des
895 3954 1005 4011 guerras
1019 3937 1050 3994 de
1060 3936 1088 3994 J.
1112 3939 1209 4004 Cesar,
1229 3953 1259 4012 p.
1278 3934 1318 3992 28
