3062 5230
588 545 625 554 „.
648 489 687 569 'gp
709 543 744 557 ‚-

226 617 359 702 'similis
375 637 530 718 quendam
546 655 565 700 a
586 639 842 706 Commentariis
858 644 899 707 de
914 645 1006 711 hello
1020 629 1148 715 Gallico

184 751 256 807 non
274 746 417 836 obsunt.
433 745 519 809 Nam
535 742 654 823 Cesar,
677 731 830 824 quemvis
842 748 884 811 de
899 749 1010 830 prima
1024 752 1059 816 in
1075 753 1149 818 urt-

184 855 342 918 tanniam
366 851 583 936 expeditione
610 854 720 918 mutu
746 862 781 918 et
803 873 925 937 magna
951 847 1165 943 jactaverit,'

183 959 240 1059 yix
259 953 434 1046 tamenab
456 959 693 1042 imputde'ntiae
709 960 811 1042 culpa
825 961 978 1028 remotus
993 971 1054 1048 sit,
1070 969 1148 1050 qui,

183 1064 314 1146 ¹gnotis
336 1063 514 1142 omnibus,
541 1079 585 1126 ne
606 1070 705 1127 estus
728 1064 871 1143 quidem
894 1073 1071 1146 comperta
1094 1085 1150 1134 ras

182 1170 281 1234 tione
294 1215 303 1250 ,
316 1171 353 1234 r'e
368 1167 589 1233 frumcntario
604 1186 675 1232 non
700 1170 789 1233 bene
804 1171 958 1253 provisa,
973 1189 1054 1237 eum
1070 1172 1152 1239 dut·

183 1275 251 1340 bus
276 1281 408 1342 tentum
426 1277 634 1360 legionibus,
657 1271 777 1359 paucis
801 1279 1024 1364 equitibus,e
1047 1282 1153 1348 Gellia

185 1386 288 1452 solvit
299 1387 354 1468 (l).

224 1493 380 1556 Praeterea
404 1488 458 1556 vii
473 1497 600 1555 eventu
615 1505 781 1574 prospero
797 1492 984 1584 defunctus
998 1497 1050 1556 est
1073 1492 1152 1575 qui,

182 1597 277 1660 omni
302 1596 457 1678 equitatu
477 1601 682 1679 tempestate
700 1597 913 1680 intercepto,
931 1596 1067 1663 afflictis
1089 1617 1151 1664 ne·

179 1701 296 1785 vibus,
311 1723 330 1766 e
343 1705 466 1770 eastris
480 1705 596 1787 egredi
618 1703 682 1784 nisi
695 1701 874 1769 lacessitus
886 1723 996 1786 quum
1019 1704 1074 1769 vix
1088 1723 1152 1787 po·

178 1808 319 1890 luisset,
333 1818 460 1892 noctu,
477 1809 571 1872 nulla
581 1809 678 1874 mora
690 1828 794 1874 naves
802 1811 904 1875 solvit
912 1818 946 1874 et
956 1810 991 1873 in
1006 1801 1150 1878 'Galliam

180 1929 338 1978 reversus
358 1923 410 1978 est
426 1915 485 1996 (2).
511 1915 625 1996 Quam
647 1913 1006 1994 qualicumquespe‘cie
1018 1915 1152 1995 proiec-

180 2017 313 2082 tionem
341 2020 452 2084 Cesar
482 2016 678 2098 obtexerit,
709 2037 752 2081 ne
772 2018 837 2100 ipsi
860 2017 1001 2100 quidem
1026 2018 1152 2100 glorio-

178 2124 312 2188 sissima
337 2143 378 2188 ca
399 2125 515 2188 habita
544 2133 614 2205 est3
643 2126 722 2207 qui,
742 2143 834 2190 anno
854 2124 1033 2206 sequenti,
1053 2122 1150 2205 quasi

180 2229 247 2292 sibi
266 2230 522 2294 resemiendn'm
542 2229 670 2312 aliquid
689 2230 869 2311 sensisset,
893 2231 1051 2311 quinque
1064 2246 1146 2292 cum

196 2545 263 2630 p)
278 2550 323 2608 oe
336 2550 387 2606 su.
406 2548 474 2607 on.
493 2548 550 2623 lv,
568 2549 623 2620 so,
641 2550 697 2623 21,
712 2548 886 2628 sq.-un.
903 2549 950 2608 st.

215 2683 227 2707 ιι
248 2659 347 2715 Cesar
371 2656 492 2714 echoua
516 2655 593 2714 dans
627 2674 682 2714 son
711 2657 868 2717 incursion
888 2671 926 2712 en
955 2655 1143 2734 Angleterre.

174 2762 263 2818 Deux
277 2761 396 2837 legions
411 2759 558 2819 n'ctaient
568 2780 623 2839 pas
638 2763 832 2837 suffisantes,
852 2763 873 2820 il
889 2765 934 2822 lui
947 2781 986 2822 en
1002 2767 1057 2822 eut
1067 2760 1144 2823 saltu

82 2871 94 2896 ⁸
175 2885 214 2924 au
226 2869 329 2924 moins
342 2875 468 2946 quatre,
486 2878 516 2928 et
527 2868 548 2925 il
561 2867 674 2928 n’avait
685 2887 741 2948 pas
757 2869 794 2928 de
810 2871 976 2941 cavaterie,
991 2888 1078 2930 arme
1089 2870 1143 2948 qui

171 2975 244 3031 etait
269 2973 498 3053 indispensobie
517 2977 595 3033 daus
616 2995 674 3046 un¹
688 2994 762 3054 pays
781 2993 905 3033 comme
925 2975 1139 3050 l’Angleterre.

173 3081 380 3160 Ilu'avaitpas
390 3081 447 3140 fait
462 3097 543 3140 assez
558 3081 596 3140 de
611 3080 953 3160 preparatisspourune
965 3079 1140 3154 expedition

171 3186 208 3245 de
222 3197 303 3246 cette
317 3190 533 3265 importance:
558 3190 615 3244 elle
638 3181 753 3244 tous-nn
770 3187 835 3241 {ssa
849 3183 1031 3255 confusion,
1048 3192 1080 3240 et
1097 3202 1137 3240 on

170 3293 344 3351 cousiderra
353 3309 479 3351 comme
492 3308 537 3346 un
552 3289 623 3346 ctiet
635 3291 673 3346 de
686 3307 719 3344 sa
729 3288 833 3346 bonne
846 3289 970 3346 fortune
986 3287 1060 3368 qu’il
1073 3289 1137 3351 s'en

113 3431 120 3438 ·
169 3401 241 3457 etait
256 3401 347 3458 retine
362 3415 433 3456 sans
448 3403 545 3474 perte.
565 3421 576 3444 »ι
595 3394 772 3473 Napoleon,
799 3390 870 3452 Ouo.
891 3395 958 3466 eite',
974 3414 1005 3473 p.
1033 3395 1081 3452 79.
1097 3427 1137 3438 -

209 3506 254 3563 Ad
278 3506 362 3565 hunc
376 3506 482 3562 locum
506 3501 546 3556 ita
563 3501 657 3558 etiam
668 3507 773 3557 noster
780 3500 847 3575 jam
859 3499 1004 3558 laudatus
1015 3501 1134 3578 Turpin

169 3611 205 3670 de
220 3614 338 3672 Crisse:
1097 3663 1099 3668 .

208 3745 221 3770 t
246 3720 287 3778 Le
304 3717 449 3777 bonheur
452 3758 520 3775 ......
545 3731 585 3771 ne
605 3711 815 3772 l’abandonne
835 3713 923 3791 point
930 3732 940 3785 3
964 3716 1043 3773 mais
1065 3713 1132 3772 cela

167 3801 350 3903 n’empeche
363 3842 418 3900 pas
434 3841 494 3902 que
510 3823 618 3894 cesar,
641 3821 716 3879 dans
729 3827 809 3880 cette
820 3803 978 3898 occasion,
1000 3819 1075 3888 n’oit
1089 3838 1130 3880 eu

166 3950 228 3990 une
242 3909 388 3992 conduite
399 3949 460 4010 peu
473 3929 617 3990 resse'chie
631 3938 661 3989 et
673 3931 955 4010 tres-imprudente.
971 3954 983 3984 s

207 4037 253 4120 (2)
268 4040 339 4099 nu.
352 4040 408 4112 tv,
423 4037 475 4110 ss,
488 4038 540 4110 29,
559 4039 606 4096 so.
