3062 5230
585 1250 755 1292 conctusto.

226 1661 344 1744 Magna
353 1661 424 1725 duo
435 1666 470 1723 et
483 1659 591 1726 ardua
605 1661 759 1743 quidem3
774 1658 833 1726 sed
842 1657 1058 1743 temporibus
1072 1661 1160 1727 inter

187 1785 222 1830 se
235 1767 397 1832 distincta
413 1765 613 1830 molientem
628 1767 794 1834 Caesarem
807 1767 920 1831 videre
940 1765 1027 1830 mihi
1038 1765 1159 1831 videor

187 1871 305 1934 inillis
323 1889 410 1952 quos
426 1869 467 1934 de
489 1870 580 1935 bello
593 1871 720 1937 Gallico
740 1879 776 1936 et
797 1889 884 1952 quos
901 1870 944 1935 de
959 1872 1049 1936 bello
1066 1871 1159 1936 civili

189 1978 460 2043 Commentarios
473 1977 694 2059 conscripsit:
706 1977 799 2060 binc,
824 1985 865 2041 ut
882 1977 1026 2042 laudatis
1039 1987 1075 2043 et
1088 1983 1158 2062 jac-

188 2080 268 2144 tatis
288 2080 423 2166 magnis
435 2084 539 2148 rebus
549 2102 634 2166 quas
649 2089 808 2166 gesserat,
818 2083 950 2149 bellurn
961 2082 1062 2149 civile
1072 2086 1159 2166 jam-

188 2191 255 2270 jam
277 2188 498 2283 incepturus,
520 2189 612 2254 cives
630 2207 752 2257 omnes
775 2190 818 2256 ad
843 2209 880 2254 se
890 2199 1107 2257 converteret
1124 2202 1160 2257 et

190 2302 338 2379 raperet;
352 2295 460 2377 illinc,
472 2303 525 2378 ut,
539 2296 627 2361 bello
636 2296 807 2377 contecto,
823 2303 869 2375 et,
880 2313 1042 2377 suprema
1055 2311 1160 2361 oceu-

192 2408 272 2483 pata
298 2408 487 2483 potestate,
510 2401 639 2466 civium
663 2400 784 2465 odium
801 2409 905 2482 atque
929 2401 1017 2466 iram
1033 2401 1160 2486 effuge·

189 2517 242 2573 ret
259 2509 318 2591 (l).
339 2507 378 2570 Et
387 2524 486 2588 vero,
500 2504 679 2588 Quiritum
700 2506 965 2588 unicuiquequa
980 2507 1160 2589 voluptate

188 2616 325 2681 animus
341 2614 631 2695 perfundebatur,
656 2620 742 2694 quot
767 2621 802 2677 et
823 2612 963 2693 quantis
990 2612 1159 2694 superbias
1188 2619 1192 2628 ’

189 2729 225 2787 et
235 2721 367 2786 ferocia
378 2719 611 2785 incitamentis
628 2718 838 2799 exsultabat,
858 2715 973 2787 Gallos
993 2735 1053 2782 eos
1075 2737 1159 2783 cum

190 2829 321 2912 legeret
340 2828 400 2908 qui
427 2823 633 2909 Capitolium
658 2826 742 2890 olim
774 2825 1017 2902 ascenderant,
1031 2826 1157 2891 urbem

111 2933 128 2962 '
189 2934 352 3000 incendio
366 2941 600 3014 vastaverant,
629 2934 838 2998 tumultibus
852 2941 1071 3013 terruerant,
1097 2935 1158 3016 qui

190 3041 234 3104 ad
245 3042 488 3132 Trasymenem
501 3039 605 3104 etiam
617 3045 650 3102 et
674 3039 808 3104 Cannas
821 3055 903 3101 eum
916 3038 1080 3102 Annibale
1091 3059 1157 3120 pu·

190 3153 376 3228 gnaverant
403 3154 439 3210 et
463 3145 632 3223 vicerant,
669 3143 758 3206 duce
783 3143 923 3206 tandem
952 3160 973 3206 a
1004 3143 1168 3208 Romano

189 3253 300 3318 victos
314 3271 451 3325 omnes,
476 3251 663 3316 debellatos
675 3257 710 3314 et
723 3248 929 3334 gravissimis
941 3249 1048 3330 poenis
1065 3249 1157 3313 mul-

190 3365 281 3424 tatos
303 3363 401 3424 esset
425 3357 531 3439 Quid,
549 3357 644 3438 quod
660 3355 906 3420 audacissimus
930 3355 1024 3418 idem
1053 3360 1158 3436 atque

191 3463 435 3530 invictissimus
448 3461 777 3545 imperator'ignotis
800 3461 843 3525 ad
870 3462 963 3526 hunc
973 3459 1062 3524 diem
1076 3478 1159 3544 gen-

191 3568 302 3650 tibus,
341 3567 521 3635 Germanis
548 3575 644 3631 trans
664 3567 834 3654 Rhenum,
867 3565 1039 3630 Britannis
1066 3566 1159 3630 ultra

234 3886 282 3967 (l)
300 3889 393 3964 Quod
407 3889 536 3949 Caesaris
555 3899 592 3946 ex
614 3881 743 3966 epistola
763 3890 848 3965 patet
862 3903 960 3963 quam
973 3887 1159 3958 retulimus,

193 3994 229 4051 ud
238 4013 302 4073 pag·
319 3993 367 4054 3lt.
