3062 5230
770 423 930 488 „ag-

365 569 445 645 nia,
472 559 608 628 hlranio
625 565 659 623 et
685 557 817 623 l‘etreto
841 554 1007 636 devictis,
1029 554 1092 619 sibi
1118 561 1335 623 sacramento

366 667 556 754 adegerat(
576 666 601 748 ).
750 747 752 754 y

407 774 525 858 Quid,
555 772 649 855 quod
670 770 858 834 alienatum
885 785 906 836 a
933 767 1150 850 Pompeianis
1177 767 1337 834 animum

366 880 556 948 identidem
567 878 656 942 male
662 877 774 961 legati
787 872 941 957 Pompeii
951 872 1045 937 enim
1056 873 1100 938 ad
1109 873 1339 956 Dyrrachium

365 986 504 1070 pictoris
517 984 654 1050 laudem
668 979 857 1063 deprimit,
879 997 986 1061 quem
1003 978 1144 1046 insidias
1154 980 1338 1048 timentem

365 1107 480 1172 neque
492 1086 746 1157 munitionibus
758 1083 1037 1166 appropinquare
1049 1081 1265 1164 aliquamdiu
1274 1101 1338 1148 au-

364 1198 504 1260 dentem
529 1193 706 1273 ostendit,
735 1190 834 1274 quasi
856 1189 1049 1270 inopinanti
1074 1188 1219 1256 victoria
1248 1189 1337 1256 lorte

368 1303 506 1368 lortnna
517 1283 701 1364 decidisset
710 1298 768 1380 (i).
782 1298 874 1361 linos
884 1295 990 1360 etiam
1003 1294 1249 1363 infensissimos
1260 1295 1339 1377 qui-
1413 1289 1419 1298 “

364 1410 447 1474 dem
460 1408 577 1477 hostes
597 1402 803 1469 deridendos
817 1400 988 1487 propinat.
1006 1399 1043 1466 C„
1059 1401 1243 1466 Lentulum
1252 1417 1338 1472 con-

277 1517 281 1526 '
368 1507 479 1585 sulem
492 1515 565 1597 qui,
581 1510 736 1577 narranti
747 1511 775 1576 si
789 1512 874 1586 fides
886 1510 949 1590 sit,
965 1511 1112 1576 alterum
1125 1529 1162 1576 se
1173 1509 1250 1585 iore
1262 1508 1338 1576 Sul-

366 1617 438 1683 lam
453 1620 544 1684 inter
563 1633 644 1682 suos
654 1615 867 1699 gloriabatur
884 1616 950 1699 (3);
966 1616 1164 1713 Scipionem
1175 1626 1338 1717 praeterea
1364 1615 1370 1624 '

363 1741 488 1805 quem,
502 1721 719 1787 detrimentis
739 1721 968 1813 quibusdam,
988 1721 1055 1804 ait,
1072 1722 1165 1792 circa
1178 1730 1336 1789 montem

365 1828 537 1894 hmanum
550 1827 712 1910 acceptis,
729 1845 802 1894 sese
814 1828 1062 1915 imperatorem
1071 1826 1262 1912 appellasse
1274 1830 1334 1915 (l),

362 1954 473 2017 quem
494 1942 530 2000 et
545 1935 684 2019 ignavie
710 1953 750 2000 ac
771 1953 861 2016 pene
890 1933 1036 2004 inania
1061 1933 1260 2012 insimulare
1288 1937 1338 2002 ri-

361 2043 502 2126 deatur,
524 2062 567 2109 eo
593 2044 689 2124 quod
714 2043 832 2125 copias
855 2049 935 2109 ante
962 2043 1113 2108 lrontem
1143 2051 1337 2109 castrorum

366 2149 579 2214 continuerit
599 2149 755 2231 praelium
769 2166 878 2230 quum
893 2148 1074 2231 olleretnr,
1090 2156 1125 2213 et
1145 2157 1271 2228 noctu,
1290 2168 1336 2214 ne

361 2255 585 2319 conclamatis
599 2253 741 2336 quidem
760 2255 867 2332 vasis,
891 2255 983 2320 ultra
1001 2255 1252 2320 Haliacmonem
1271 2252 1335 2316 ilu-

364 2375 447 2422 men
474 2377 511 2422 se
538 2356 712 2440 receperit
739 2356 797 2441 (a).
832 2357 997 2424 Cesaram
1021 2367 1135 2423 tamen
1158 2364 1194 2421 ct
1219 2355 1333 2439 ipsum

360 2471 516 2546 constat,
531 2465 695 2530 omnibus
715 2463 885 2547 inbellis,
903 2466 938 2530 id
952 2464 1093 2530 solitum
1113 2461 1272 2528 habuisse
1294 2471 1337 2528 ut

364 2571 463 2636 nullo
477 2590 559 2635 cum
576 2571 675 2636 hoste
690 2570 812 2653 iniquo
825 2572 903 2636 loco
917 2579 978 2636 aut
990 2572 1134 2636 adverso
1156 2571 1262 2636 Marte
1277 2569 1338 2634 de·

359 2682 533 2753 certaret,
555 2675 641 2754 quin
661 2683 697 2738 ct
724 2676 921 2757 prudentia
943 2695 1080 2742 recessu
1096 2694 1182 2758 saepe
1198 2675 1336 2742 initium

358 2778 522 2850 vincendi
546 2779 680 2858 secisse,
700 2776 760 2859 qui
781 2795 800 2840 e
819 2777 985 2860 Gergovia
1003 2781 1046 2844 ad
1063 2781 1209 2846 Alesiam
1232 2781 1337 2848 advo-

359 2881 480 2978 laverit
495 2888 530 2947 et
543 2900 563 2949 a
576 2882 762 2965 Dyrrachio
776 2883 903 2966 fugerit
915 2885 959 2948 ad
971 2884 1171 2951 Pharsalum
1185 2887 1245 2972 (6).

402 3096 448 3180 (Ι)
463 3101 581 3178 Turpio
602 3097 642 3157 dc
654 3099 768 3159 Crissd:
789 3098 1005 3158 Commentarius
1026 3100 1059 3156 de
1084 3095 1186 3177 Cesar,
1210 3117 1272 3162 avec
1288 3099 1336 3157 des

360 3213 437 3264 notes
450 3205 600 3286 critiquea,
615 3205 780 3283 historiques
795 3215 821 3264 ei
838 3206 1002 3276 militoires,
1028 3205 1125 3275 1785,
1141 3205 1162 3263 l.
1179 3204 1242 3278 ΙΙΙ,
1260 3225 1291 3284 p.
1304 3204 1331 3265 7.

404 3311 450 3394 (2)
465 3312 509 3374 De
524 3312 576 3370 tet
600 3313 650 3370 cin.
668 3313 735 3386 111,
762 3313 810 3371 70.

403 3418 451 3500 (3)
468 3416 541 3477 lita.
561 3420 590 3498 Ι,
606 3420 635 3479 lt.

403 3522 449 3606 (lt)
460 3522 533 3584 lita.
546 3527 609 3600 ΙΙΙ,
624 3525 672 3583 at.

403 3628 528 3710 (spata.
540 3629 598 3704 ΙΙΙ,
607 3630 699 3688 32-
708 3630 748 3690 Se
760 3631 874 3693 viribus
885 3631 1063 3692 inferiorem
1072 3629 1175 3709 Scipio
1183 3637 1329 3690 senserat.

404 3733 451 3815 (6)
465 3733 586 3794 Bellum
607 3737 703 3795 eliam
728 3736 872 3799 adversus
890 3739 996 3816 Belgas
1011 3735 1115 3798 videas
1131 3755 1196 3815 qno
1209 3735 1331 3794 hostem

362 3841 562 3901 simulatione
582 3841 701 3903 timoris
722 3853 754 3902 et
770 3843 853 3922 fugae
877 3846 982 3906 Caesar
1004 3847 1170 3922 superavit.
1191 3841 1263 3921 (De
1276 3840 1328 3897 dei.

363 3945 441 4005 Gall.
457 3947 496 4019 V,
516 3945 584 4025 50).
