3062 5230
624 449 763 512 „q-

257 612 272 644 e
289 586 435 667 Reliquit
448 583 598 668 (Caesar)
612 602 736 648 rerum·
743 601 883 648 suarum
903 582 1173 652 commentarios

211 692 330 758 Gallici
344 691 523 772 civilisque
534 690 613 756 belii
628 689 841 772 Pompeiani,
857 707 938 754 nam
953 689 1174 756 Alexandrini

208 799 382 880 Africique
402 804 438 864 et
459 796 688 878 Hispaniensis
712 795 863 860 incertus
882 805 1000 862 auctor
1024 803 1086 862 est
1111 797 1174 862 Alii

211 903 307 970 enim
321 903 471 986 Oppium
480 908 618 983 putant,
634 903 690 966 aiii
703 901 851 966 Hirtium
867 901 926 983 qui
940 901 1041 968 etiam
1054 901 1171 968 Gaiiici

209 1010 288 1076 beHi
309 1009 534 1076 novissimum
557 1008 872 1090 imperfectumque
895 1008 1022 1074 librum
1036 1010 1171 1094 supple-

208 1121 296 1186 verit
313 1146 328 1177 »
347 1119 405 1203 (l)
524 1181 534 1202 0

248 1227 361 1308 Porro,
375 1224 524 1307 Oppium
538 1224 628 1288 inter
641 1232 677 1290 et
690 1223 839 1290 Hirtium
853 1225 932 1305 quis
944 1225 1100 1292 delectus
1115 1227 1174 1291 Ira·

210 1335 350 1414 beatur,
366 1331 452 1396 nihil
474 1330 516 1394 ad
530 1349 601 1396 nos.
619 1331 736 1410 Neque
753 1330 846 1395 enim
856 1332 901 1395 dc
915 1331 1023 1427 Hutio
1036 1339 1096 1398 aut
1107 1331 1175 1416 Op-

205 1435 262 1517 pio
274 1454 367 1502 nune
378 1435 502 1519 agitur.
523 1435 589 1501 Sed
604 1435 733 1500 inventi
743 1437 890 1519 sunthui
902 1436 1175 1506 Commentarios

206 1754 300 1833 (nul.
319 1757 397 1813 Geli.
424 1754 491 1815 Noc.
511 1763 564 1813 ott.
580 1758 623 1830 V,
642 1755 713 1835 13.)
730 1789 770 1800 -
792 1753 849 1812 Pro
875 1758 1015 1834 rogatione
1034 1757 1167 1818 Plautia.

207 1858 304 1936 (Iul.
320 1860 398 1917 Geil.
426 1857 498 1918 lirr‘ci.
521 1861 619 1934 XIII,
645 1858 699 1939 3.)
716 1895 756 1904 ·-
780 1859 816 1917 Iu
834 1860 871 1921 C.
897 1859 1056 1920 Memmium
1080 1872 1106 1920 et
1132 1863 1168 1922 L.

206 1964 373 2022 Domitium.
395 1961 506 2043 (Suet.
535 1967 564 2022 in
589 1967 649 2026 Cres
667 1967 739 2047 23.)
768 1966 1030 2040 -ProMeteiie,
1060 1969 1171 2028 sivead

203 2070 359 2130 Metellum.
382 2072 493 2152 (Suet.
510 2077 529 2131 l.
546 2077 566 2132 l.
587 2075 634 2134 55.
650 2074 709 2155 )—-
721 2075 781 2134 Pro
792 2075 879 2134 Decio
890 2075 1027 2134 Samnite.
1053 2076 1065 2155 i
1083 2077 1167 2138 suet.

201 2176 267 2236 ibid.
287 2179 335 2236 21.
357 2177 369 2258 J
390 2211 429 2222 -·
448 2180 493 2237 De
518 2183 680 2256 conjuratis.
700 2181 711 2262 (
733 2184 798 2242 Cic.
818 2183 931 2241 adAd.
958 2183 1043 2258 xil,
1062 2183 1109 2242 21.
1127 2217 1167 2230 ·-

202 2283 277 2342 Sall.
295 2285 356 2342 tert.
378 2282 443 2349 Cet.
461 2283 508 2343 15.
527 2319 567 2329 -
578 2289 659 2346 Piut.
676 2292 728 2346 loc.
745 2289 821 2346 uad.
832 2289 864 2348 ·7.
880 2287 890 2368 )
903 2321 943 2334 -·-
957 2291 1030 2349 Tres
1043 2293 1082 2350 nd
1093 2293 1167 2350 miii·

197 2395 261 2461 tes„
278 2364 304 2446 si
328 2390 422 2449 modo
436 2392 640 2469 supposititiae
660 2411 723 2450 non
738 2402 821 2450 sunt.
840 2390 851 2470 (
868 2391 953 2450 Suet.
970 2393 1166 2452 coetaneos

203 2499 234 2548 et
247 2492 294 2550 55.
308 2492 319 2572 )
333 2527 372 2536 —-
387 2492 421 2550 In
435 2494 530 2570 funere
546 2495 632 2554 dolie
643 2497 734 2553 emitae
746 2516 811 2554 arroe.
828 2495 933 2575 (Suet.
951 2499 1001 2554 lec.
1023 2497 1098 2553 lund.
1112 2495 1140 2553 5.
1154 2495 1165 2575 )

206 2627 245 2650 -s
266 2594 300 2652 Iu
314 2597 410 2672 sonere
424 2599 559 2657 Cormiioe
574 2601 679 2658 enoris.
694 2601 791 2681 (rtur.
804 2604 854 2659 loc.
870 2603 944 2660 iord.
962 2601 989 2660 5.
1016 2635 1055 2646 —
1078 2601 1164 2662 Suet.

207 2703 258 2757 ior.
274 2701 347 2758 laud.
367 2704 395 2760 6.
414 2701 425 2780 )

241 2803 432 2881 Epistularum
458 2810 530 2868 libri
554 2813 593 2870 ad
614 2813 822 2888 Ciceronem,
846 2819 885 2876 ad
909 2819 944 2876 C.
977 2817 1114 2894 Oppium
1135 2825 1167 2874 et

194 2914 233 2969 Ι.
258 2915 462 2989 Cornelium,
484 2919 526 2975 ad
553 2919 590 2993 Q.
617 2921 766 2994 Pedium,
800 2923 840 2980 nd
860 2925 1030 2994 Pisonem,
1054 2920 1095 2978 ed
1123 2923 1164 2980 Μ.

201 3018 385 3094 Antonium,
399 3023 440 3080 ad
459 3025 621 3086 Senatum.
639 3025 651 3106 (
668 3029 733 3087 Cio.
757 3031 793 3087 act
809 3030 875 3088 Ati.
891 3031 949 3100 IX,
966 3031 984 3088 6
1000 3071 1009 3099 ‚
1027 3031 1090 3100 tt,
1113 3029 1160 3089 16.

200 3127 279 3184 -Χ
298 3169 307 3200 ,
324 3127 353 3185 8.
374 3126 385 3206 )
515 3191 519 3198 ,
1118 3133 1120 3139 '

241 3233 308 3291 Duo
321 3236 544 3312 epIgrammeta
555 3243 682 3314 omitto,
698 3259 758 3301 neo
771 3244 887 3302 insulsa
896 3242 1090 3323 ecquidem,
1104 3241 1160 3300 sed

197 3335 238 3394 de
250 3355 387 3414 quorum
395 3351 519 3401 auctore
528 3345 706 3424 ambigitur.
724 3346 824 3426 (rab.
841 3345 916 3406 Bibi.
933 3352 983 3408 iat.
996 3357 1018 3406 t.
1035 3350 1071 3420 I,
1087 3347 1135 3408 10.
1157 3355 1166 3424 i

243 3443 449 3504 Testamentum
459 3463 531 3508 vero
551 3453 680 3512 Caesaris
691 3473 764 3516 cum
788 3454 995 3530 Dipiormtibcs
1020 3454 1167 3528 duobus,

201 3549 287 3626 quod
300 3553 407 3626 aiunt,
427 3556 555 3616 Austriae
567 3563 744 3634 concessis,
765 3562 848 3619 inter
869 3560 936 3617 ilias
948 3560 1053 3620 statim
1066 3559 1170 3620 erudi-

133 3673 145 3698 ·
201 3663 306 3713 torum
319 3675 414 3734 nugas
427 3677 610 3738 reposuero,
623 3683 696 3743 qnae
712 3682 751 3721 ne
766 3664 865 3720 risum
879 3663 1007 3741 quidem
1020 3663 1160 3724 eliciunt.

204 3762 276 3843 (Id.
292 3764 385 3846 ibid.)

240 3868 284 3950 (t)
298 3869 334 3948 {n
361 3872 427 3932 Cer.
444 3873 492 3932 su
507 3906 546 3918 -—-
562 3872 618 3930 Adi
637 3874 676 3929 sis
691 3869 909 3948 prefationem
934 3889 1032 3950 qnam
1047 3861 1170 3934 Hirtius

201 3975 282 4046 idem
296 3979 374 4039 libro
385 3978 696 4038 Commentariorum
712 3976 783 4034 VIII
800 3978 977 4055 preeposnit.
1005 4033 1009 4038 ,
1045 4033 1050 4039 .
1074 4054 1078 4062 .
