3062 5230
564 485 724 546 ..53-

159 609 235 682 tem
247 616 437 682 Maximum
463 613 652 678 Planudem
674 615 741 679 sire
763 614 982 682 Theodorum
1008 615 1130 682 Gazam

155 743 229 788 non
245 724 378 805 fefellit3
392 721 472 804 qui,
486 739 552 814 pro
567 725 679 802 Σκάλδιν,
703 728 793 800 tatia,
808 723 1012 801 prudentius
1025 737 1130 803 quant

156 829 339 912 audacius,
353 829 391 896 iu
408 835 508 892 textu
520 828 684 910 reposuit.

200 936 280 1000 lam
298 941 399 1000 autea
413 935 517 1000 Casar
542 935 584 1000 ab
611 934 783 1002 ambianis
808 936 850 1001 ad
866 934 1006 1002 Nervios
1020 953 1131 1016 quum

160 1040 239 1121 iret,
258 1058 296 1104 se
311 1047 507 1104 narraverat
530 1049 610 1121 post
632 1039 788 1106 triduum
805 1041 848 1105 ad
869 1040 984 1108 Sabim
999 1039 1132 1108 flumen

162 1146 378 1228 pervenisse,
393 1145 483 1228 quod
502 1146 595 1212 ultra
609 1145 722 1210 Nervii
738 1147 968 1213 consederant
977 1145 1036 1229 (l).
1052 1148 1132 1212 Por-

165 1271 225 1333 ro,
241 1253 286 1318 ad
298 1252 435 1318 Nervios
445 1252 614 1330 tendenti,=
628 1269 698 1316 non
710 1253 827 1328 Sabim
839 1253 898 1316 sed
909 1251 1058 1319 Scaldim
1074 1271 1132 1318 oc-

165 1359 316 1422 currisse
335 1359 410 1422 luce
423 1357 550 1422 clarius
561 1363 624 1424 est.
640 1358 770 1424 Scaldis
781 1359 875 1424 enim
886 1357 1069 1432 Ambianos
1081 1359 1132 1425 in-

168 1472 267 1528 teret
281 1463 437 1545 Nervios,
461 1463 558 1528 Sabis
573 1465 664 1528 ultra
679 1463 817 1530 Nervios
837 1463 925 1528 lluit.
947 1464 1006 1528 llic
1028 1481 1132 1546 ergo,

166 1587 261 1633 versa
290 1567 383 1647 rice,
406 1569 521 1632 Sabim
545 1586 610 1651 pro
626 1569 772 1634 Scaldim
797 1571 901 1638 Cesar
928 1570 1129 1635 nominarit.

160 1677 245 1760 Ergo
270 1676 460 1740 dicendum
478 1677 572 1757 quod
601 1677 752 1741 Lemaire
778 1679 815 1742 V.
842 1681 877 1744 l).
906 1678 1013 1744 fusius
1030 1680 1133 1760 paulo

159 1799 265 1862 quam
284 1782 433 1846 lucidius
457 1784 527 1864 jam
540 1783 787 1848 demonstrarit
801 1785 846 1865 (2)
865 1807 872 1847 :
890 1783 1053 1852 Caesarem
1067 1784 1133 1850 sci-

158 1891 241 1955 licet
251 1890 424 1953 memoria
444 1879 604 1970 lapsum,
627 1896 688 1952 aut
705 1891 890 1954 nominum
906 1889 1133 1956 similitudine

159 2001 392 2078 locorumque
418 1996 675 2080 propinquitate
703 1998 906 2080 deceptum,
943 2005 1134 2077 utrumque

159 2105 292 2170 tlumen
309 2105 517 2170 contudisse.

201 2217 310 2296 Item,
333 2217 376 2281 de
392 2214 570 2281 Britannia
590 2218 658 2282 situ
681 2215 886 2299 populisque
903 2216 1007 2281 Caesar
1024 2215 1134 2280 multa

159 2323 316 2405 scripsit;
340 2341 416 2403 quae
432 2322 594 2403 quibuse
615 2323 768 2388 lontibus
797 2321 949 2388 hauserit
977 2333 1134 2402 quaerer'c

160 2447 274 2510 operae
287 2427 441 2511 pretium
454 2428 506 2492 sit.
528 2428 631 2493 Gallis
648 2428 741 2492 enim
757 2428 932 2508 incognita
945 2428 989 2508 (3)
1001 2444 1041 2490 ea
1069 2434 1135 2492 tes-

160 2540 267 2597 latur.
288 2533 405 2612 Neque
423 2532 528 2597 etiam
545 2576 554 2611 ,
584 2531 733 2596 evocatis
753 2533 795 2594 ad
822 2549 858 2594 se
884 2532 1135 2597 mercatoribus

164 2639 308 2720 (quibus
321 2637 401 2702 solis
415 2639 548 2703 adeam
562 2655 659 2702 oram
675 2655 748 2718 quae
767 2645 819 2700 est
843 2644 965 2702 contra
988 2637 1134 2730 Galliam

163 2743 276 2808 aditus
300 2743 489 2826 patebat),
507 2750 634 2823 quanta
655 2750 745 2808 esset
767 2743 885 2808 insulae
909 2744 1134 2828 magnitudo,

164 2871 238 2932 quae
258 2857 320 2915 aut
348 2857 482 2931 quanta
504 2849 661 2913 nationes
673 2849 882 2927 incolerent,
901 2867 1006 2930 quem
1031 2867 1136 2914 usum

166 2960 246 3024 belli
274 2957 463 3038 haberent,
488 2963 550 3022 aut
563 2958 689 3039 quibus
702 2957 870 3023 institutis
886 2967 1069 3024 uterentur
1084 2979 1136 3025 re-

167 3065 279 3148 perire
304 3068 440 3144 poterat
467 3061 524 3143 (4).
552 3063 627 3125 lam
644 3062 686 3125 ab
706 3079 748 3125 eo
762 3062 978 3143 praemissum
995 3063 1135 3126 Voluse-

166 3193 252 3238 num
265 3173 425 3253 diximus,
452 3171 511 3252 qui
533 3172 646 3235 enari
665 3171 779 3253 egredi
800 3187 911 3250 quum
936 3185 1007 3232 non
1031 3189 1135 3234 ausus

167 3284 285 3362 suerit,
302 3288 338 3346 et
355 3282 399 3344 ad
423 3279 586 3346 Caesarem
611 3277 734 3358 quinto
750 3277 805 3341 die
834 3295 990 3342 reversus
1016 3277 1130 3370 luerit,

209 3602 256 3682 (l)
279 3597 423 3672 ttin113
452 3601 500 3658 to.

210 3710 300 3792 (2)Ιπ
318 3711 387 3770 Ces.
404 3709 439 3767 T.
459 3710 492 3779 l,
514 3726 545 3785 p.
558 3705 614 3778 98,
635 3705 735 3782 suppl.
753 3703 868 3762 adnot.
883 3703 953 3765 libr.
967 3705 1011 3762 11.

211 3817 257 3898 (3)
283 3815 518 3888 Gallisortasse‚
531 3813 693 3871 Britannos
708 3812 956 3886 consanguineos
970 3820 1002 3870 et
1021 3813 1130 3872 fratres

156 3929 299 3986 llomano
319 3940 360 3980 ne
372 3921 556 3999 proderent,
572 3917 779 3994 ignorantiam
795 3916 1031 3978 simulaverunt.

200 4031 246 4111 (d)
261 4031 305 4090 De
320 4030 371 4087 tet.
394 4029 458 4085 Gal.
475 4029 531 4101 lt,
552 4025 601 4083 20.

1039 4107 1055 4157 4
