3062 5230
587 531 625 541 ..
647 495 686 558 35
708 533 748 541 ..

217 637 265 699 De
278 633 404 716 quibits
420 634 531 714 quum
549 635 620 714 jain
638 633 771 698 nemini
789 628 936 702 dubium
951 637 1153 721 aliquidaut

179 741 336 824 ignotum
354 739 417 818 sit,
435 737 537 820 plura
551 737 666 802 dicere
675 757 971 821 supervacaneum
987 751 1086 811 esset.

220 847 284 912 Sed
300 845 364 910 alia
381 851 464 908 sunt
476 863 517 908 ex
533 839 660 926 quibus
675 843 710 908 in
725 846 884 911 eamdem
897 847 1005 914 Cesar
1027 853 1153 920 meiito

182 951 488 1035 reprehensionem
501 941 617 1030 cadat3
640 949 700 1030 qui
715 965 856 1033 semper
863 949 1153 1034 Pompeianarum

180 1053 305 1122 ‘virium
318 1056 356 1120 in
370 1053 602 1148 descriptione
611 1053 740 1119 nimius
750 1063 813 1138 est,
829 1073 907 1124 suas
919 1059 1079 1126 consulto
1093 1064 1155 1128 mi-

182 1161 386 1226 noresraett
396 1159 491 1239 liam,
500 1155 606 1239 quem
618 1159 787 1242 adfinem,
799 1162 865 1227 tria
878 1181 942 1245 per
949 1165 1072 1247 capita,
1083 1171 1154 1233 tur-

186 1266 441 1352 gida'oratione,
463 1265 1153 1358 omniqueadhibitoverborumtastu(l)‚

189 1373 339 1458 l‘ompeli
353 1375 477 1439 classes
493 1366 723 1458 ,pecuniam,
743 1377 917 1460 legiones,
938 1381 1152 1466 sagittarios,

189 1472 390 1554 lunditores,
411 1478 564 1560 equites,
579 1477 839 1566 hippotoxotas,
854 1477 1069 1553 frumentum
1087 1491 1155 1569 jac-

186 1587 266 1652 tavit
276 1588 311 1651 et
322 1571 564 1674 amplificavit,
583 1594 627 1658 de
640 1607 678 1655 se
697 1601 807 1672 quum
819 1591 1020 1662 brevissime
1033 1605 1068 1663 et
1083 1617 1156 1665 uno

183 1695 281 1775 quasi
296 1685 405 1761 verbo
419 1691 567 1762 dixerit?

221 1797 474 1885 Quapropter,
498 1803 553 1869 'rir
568 1821 588 1867 e
605 1802 733 1868 nostris
754 1804 805 1868 rei
828 1787 985 1871 militaris
997 1809 1156 1894 peritus,

185 1907 249 1970 etsi
273 1909 424 1972 numero
441 1909 612 1972 minorem
628 1906 732 1971 luisse
750 1907 915 1974 Caesarem
942 1921 1013 1976 non
1036 1917 1155 1998 neget,

182 2023 284 2106 eum,
303 2005 411 2078 verbo
425 2019 542 2079 tamen
559 2013 676 2077 minus
691 2015 837 2097 eleganti
853 2022 889 2079 et
901 2001 1048 2099 urbano,
1063 2004 1156 2081 men-

184 2121 276 2182 dacii
288 2120 402 2203 arguit
417 2120 477 2200 qui
495 2121 538 2184 de
553 2119 661 2202 copiis
682 2121 860 2185 reticuerit
881 2139 967 2202 quas
979 2139 999 2185 e
1010 2121 1158 2188 Corfinio

184 2209 326 2307 aliisque
342 2225 443 2290 ltalia
466 2225 601 2308 oppidis
622 2228 665 2291 ad
682 2238 719 2290 se
733 2231 902 2309 traxerat,
919 2225 1027 2292 autin
1041 2227 1157 2312 Hispa-

185 2653 325 2729 Pompeii
339 2650 541 2730 praefectum,
557 2647 759 2727 deprehendi.
783 2646 908 2707 Scilicet
928 2660 999 2704 meo
1019 2643 1160 2703 instituto

187 2775 262 2816 usus
285 2774 377 2829 sum,
404 2761 435 2814 et
454 2771 530 2814 eum
553 2755 660 2813 statim
683 2754 815 2813 missum
831 2753 901 2814 leci.
920 2753 992 2812 Jam
1005 2752 1068 2812 duo
1078 2769 1161 2831 prae-

189 2863 265 2921 sceti
276 2862 403 2920 februm
421 2862 561 2940 Pompeii
575 2863 607 2920 in
619 2879 725 2919 meam
740 2867 928 2940 potestatem
945 2868 1114 2932 venenant,
1131 2868 1161 2917 et

189 2990 207 3027 a
221 2988 272 3029 rue
283 2972 369 3029 missi
384 2977 467 3029 sunt.
485 2995 498 3020 υ
576 2969 641 3047 (Ex
652 2972 753 3028 Cicer.
777 2969 820 3027 lib
834 2971 900 3042 IX,
912 2971 948 3028 ad
960 2973 1028 3029 Art.
1044 2986 1092 3048 ep.
1110 2968 1162 3047 a).

230 3074 276 3154 (i)
290 3077 391 3152 Cujus
401 3076 442 3133 ad
456 3076 614 3154 specimen
627 3073 705 3132 illud
719 3072 889 3132 habeatur:

230 3211 241 3230 u
262 3183 428 3261 Pompeius
446 3196 589 3244 annuum
608 3182 745 3259 spatium
759 3176 800 3234 ad
817 3175 1043 3254 comparandas
1058 3175 1164 3252 copias

188 3293 301 3345 nactus
317 3329 325 3359 ,
439 3303 571 3364 magnam
592 3303 629 3342 ex
655 3285 743 3357 Asia,
770 3281 1019 3362 Cycladibusque
1032 3281 1162 3352 insulis,

197 3394 350 3468 Corcyra,
384 3393 530 3465 Athenis,
559 3393 681 3463 Ponto,
704 3389 871 3468 Bithynia,
898 3389 1010 3465 Syria,
1037 3387 1162 3456 Cilicia,

194 3496 345 3556 Phoenice
364 3504 396 3555 et
412 3499 540 3576 AEgypto
554 3496 686 3555 classem
701 3502 860 3573 coegerat,
875 3511 1005 3570 magnam
1017 3491 1171 3550 omnihus·

194 3606 269 3664 locis
287 3605 505 3664 aedificandam
530 3612 709 3675 curaverat3
722 3621 853 3680 mquam
865 3603 1049 3680 imperatam
1067 3600 1166 3672 Asiae,

197 3713 310 3789 Syriae,
325 3711 511 3791 regibusque
536 3709 703 3781 omnibus,
727 3717 759 3766 et
773 3708 926 3785 dynastis,
943 3716 974 3767 ct
987 3693 1164 3776 tetrarchis,

197 3821 227 3876 et
241 3815 347 3874 liberis
372 3815 496 3874 Achaiae
519 3815 642 3894 populis
663 3816 833 3892 pecuniam
858 3825 1016 3893 exegerat,
1037 3831 1166 3892 magnam

197 3923 360 3981 societates
386 3941 495 3980 earnm
521 3921 772 4001 provinciarum,
793 3939 871 4000 quas
895 3923 959 4001 ipse
986 3919 1165 3986 obtinebat,

198 4027 256 4086 sibi
268 4046 434 4086 numerare
452 4037 602 4103 coegerat.
622 4051 635 4082 υ
656 4025 717 4104 (De
729 4025 780 4082 bei.
794 4027 842 4084 cio.
861 4028 927 4099 ΙΙΙ,
943 4025 988 4104 3).
