<?xml version="1.0" encoding="UTF-8"?>
<!DOCTYPE html PUBLIC "-//W3C//DTD XHTML 1.0 Transitional//EN"
    "http://www.w3.org/TR/xhtml1/DTD/xhtml1-transitional.dtd">
<html xmlns="http://www.w3.org/1999/xhtml" xml:lang="en" lang="en">
 <head>
  <title>
</title>
<meta http-equiv="Content-Type" content="text/html;charset=utf-8" />
  <meta name='ocr-system' content='tesseract 3.04.00' />
  <meta name='ocr-capabilities' content='ocr_page ocr_carea ocr_par ocr_line ocrx_word'/>
</head>
<body>
  <div class='ocr_page' id='page_1' title='image "./decaesarereruma00henngoog_0048.png"; bbox 0 0 3062 5230; ppageno 0'>
   <div class='ocr_carea' id='block_1_1' title="bbox 634 487 791 553">
    <p class='ocr_par' dir='ltr' id='par_1_1' title="bbox 634 487 791 553">
     <span class='ocr_line' id='line_1_1' title="bbox 634 487 791 553; baseline 0 -17"><span class='ocrx_word' id='word_1_1' title='bbox 634 487 791 553; x_wconf 46' lang='lat'><strong>43„</strong></span> 
     </span>
    </p>
   </div>
   <div class='ocr_carea' id='block_1_2' title="bbox 221 621 1197 1989">
    <p class='ocr_par' dir='ltr' id='par_1_2' title="bbox 225 621 1197 1130">
     <span class='ocr_line' id='line_1_2' title="bbox 225 621 1197 710; baseline 0.009 -26"><span class='ocrx_word' id='word_1_2' title='bbox 225 621 272 684; x_wconf 75' lang='lat' dir='ltr'><strong>«ie</strong></span> <span class='ocrx_word' id='word_1_3' title='bbox 282 623 432 687; x_wconf 85' lang='lat' dir='ltr'><strong>hostium</strong></span> <span class='ocrx_word' id='word_1_4' title='bbox 445 625 580 705; x_wconf 88' lang='lat' dir='ltr'><strong>impetu</strong></span> <span class='ocrx_word' id='word_1_5' title='bbox 594 628 780 710; x_wconf 67' lang='lat' dir='ltr'>cogitantes</span> <span class='ocrx_word' id='word_1_6' title='bbox 791 625 897 708; x_wconf 81' lang='lat' dir='ltr'><strong>(quod</strong></span> <span class='ocrx_word' id='word_1_7' title='bbox 911 627 973 690; x_wconf 92' lang='lat' dir='ltr'><strong>sibi</strong></span> <span class='ocrx_word' id='word_1_8' title='bbox 982 625 1110 692; x_wconf 87' lang='lat' dir='ltr'><strong>nullius</strong></span> <span class='ocrx_word' id='word_1_9' title='bbox 1122 647 1197 709; x_wconf 87' lang='lat' dir='ltr'><strong>per·</strong></span> 
     </span>
     <span class='ocr_line' id='line_1_3' title="bbox 228 727 1195 815; baseline 0.01 -26"><span class='ocrx_word' id='word_1_10' title='bbox 228 727 317 792; x_wconf 75' lang='lat' dir='ltr'><strong>fidite</strong></span> <span class='ocrx_word' id='word_1_11' title='bbox 331 730 457 794; x_wconf 88' lang='lat' dir='ltr'><strong>conscii</strong></span> <span class='ocrx_word' id='word_1_12' title='bbox 477 732 625 813; x_wconf 89' lang='lat' dir='ltr'><strong>essent),</strong></span> <span class='ocrx_word' id='word_1_13' title='bbox 653 733 769 798; x_wconf 88' lang='lat' dir='ltr'><strong>subito</strong></span> <span class='ocrx_word' id='word_1_14' title='bbox 793 751 993 815; x_wconf 83' lang='lat' dir='ltr'>aggressus,</span> <span class='ocrx_word' id='word_1_15' title='bbox 1018 752 1139 799; x_wconf 90' lang='lat' dir='ltr'><strong>omnes</strong></span> <span class='ocrx_word' id='word_1_16' title='bbox 1154 738 1195 808; x_wconf 78' lang='lat' dir='ltr'><strong>a&#39;d</strong></span> 
     </span>
     <span class='ocr_line' id='line_1_4' title="bbox 232 838 1194 922; baseline 0.012 -30"><span class='ocrx_word' id='word_1_17' title='bbox 232 849 363 913; x_wconf 83' lang='lat' dir='ltr'><strong>unum,</strong></span> <span class='ocrx_word' id='word_1_18' title='bbox 382 853 425 898; x_wconf 93' lang='lat' dir='ltr'><strong>ne</strong></span> <span class='ocrx_word' id='word_1_19' title='bbox 447 838 597 916; x_wconf 84' lang='lat' dir='ltr'><strong>exceptis</strong></span> <span class='ocrx_word' id='word_1_20' title='bbox 617 839 758 920; x_wconf 85' lang='lat' dir='ltr'><strong>quidem</strong></span> <span class='ocrx_word' id='word_1_21' title='bbox 782 839 986 904; x_wconf 90' lang='lat' dir='ltr'><strong>mulieribus</strong></span> <span class='ocrx_word' id='word_1_22' title='bbox 1010 846 1045 903; x_wconf 91' lang='lat' dir='ltr'><strong>et</strong></span> <span class='ocrx_word' id='word_1_23' title='bbox 1067 841 1194 922; x_wconf 89' lang='lat' dir='ltr'><strong>pueris,</strong></span> 
     </span>
     <span class='ocr_line' id='line_1_5' title="bbox 231 937 1195 1027; baseline 0.004 -27"><span class='ocrx_word' id='word_1_24' title='bbox 231 937 406 1003; x_wconf 80' lang='lat' dir='ltr'><strong>interfecit</strong></span> <span class='ocrx_word' id='word_1_25' title='bbox 425 949 485 1004; x_wconf 88' lang='lat' dir='ltr'><strong>aut</strong></span> <span class='ocrx_word' id='word_1_26' title='bbox 497 943 531 1005; x_wconf 91' lang='lat' dir='ltr'><strong>in</strong></span> <span class='ocrx_word' id='word_1_27' title='bbox 550 943 707 1016; x_wconf 79' lang='lat' dir='ltr'><strong>Rhenum</strong></span> <span class='ocrx_word' id='word_1_28' title='bbox 720 963 794 1009; x_wconf 89' lang='lat' dir='ltr'><strong>sese</strong></span> <span class='ocrx_word' id='word_1_29' title='bbox 814 944 1003 1027; x_wconf 67' lang='lat' dir='ltr'><strong>precipites</strong></span> <span class='ocrx_word' id='word_1_30' title='bbox 1026 945 1107 1008; x_wconf 91' lang='lat' dir='ltr'><strong>dare</strong></span> <span class='ocrx_word' id='word_1_31' title='bbox 1121 961 1195 1009; x_wconf 89' lang='lat' dir='ltr'><strong>coe.</strong></span> 
     </span>
     <span class='ocr_line' id='line_1_6' title="bbox 228 1045 364 1130; baseline 0.015 -2"><span class='ocrx_word' id='word_1_32' title='bbox 228 1046 281 1128; x_wconf 78' lang='lat' dir='ltr'><strong>sit</strong></span> <span class='ocrx_word' id='word_1_33' title='bbox 304 1046 318 1128; x_wconf 84' lang='lat' dir='ltr'><strong>t</strong></span> <span class='ocrx_word' id='word_1_34' title='bbox 339 1045 364 1130; x_wconf 81' lang='lat' dir='ltr'><strong>t·</strong></span> 
     </span>
    </p>

    <p class='ocr_par' dir='ltr' id='par_1_3' title="bbox 221 1151 1195 1989">
     <span class='ocr_line' id='line_1_7' title="bbox 272 1151 1195 1239; baseline 0.005 -24"><span class='ocrx_word' id='word_1_35' title='bbox 272 1151 354 1232; x_wconf 87' lang='lat' dir='ltr'><strong>Quae</strong></span> <span class='ocrx_word' id='word_1_36' title='bbox 368 1156 493 1225; x_wconf 85' lang='lat' dir='ltr'><strong>atrocia</strong></span> <span class='ocrx_word' id='word_1_37' title='bbox 505 1156 624 1220; x_wconf 90' lang='lat' dir='ltr'><strong>omnia</strong></span> <span class='ocrx_word' id='word_1_38' title='bbox 649 1163 685 1220; x_wconf 90' lang='lat' dir='ltr'><strong>et</strong></span> <span class='ocrx_word' id='word_1_39' title='bbox 699 1157 847 1221; x_wconf 86' lang='lat' dir='ltr'><strong>nefanda</strong></span> <span class='ocrx_word' id='word_1_40' title='bbox 867 1158 943 1225; x_wconf 86' lang='lat' dir='ltr'><strong>reio</strong></span> <span class='ocrx_word' id='word_1_41' title='bbox 964 1156 1120 1239; x_wconf 83' lang='lat' dir='ltr'><strong>quamvis</strong></span> <span class='ocrx_word' id='word_1_42' title='bbox 1136 1157 1195 1220; x_wconf 87' lang='lat' dir='ltr'><strong>tal-</strong></span> 
     </span>
     <span class='ocr_line' id='line_1_8' title="bbox 231 1258 1194 1346; baseline 0.011 -27"><span class='ocrx_word' id='word_1_43' title='bbox 231 1258 299 1322; x_wconf 88' lang='lat' dir='ltr'><strong>laci</strong></span> <span class='ocrx_word' id='word_1_44' title='bbox 312 1259 600 1345; x_wconf 79' lang='lat' dir='ltr'><strong>Gesarobtexerit‚</strong></span> <span class='ocrx_word' id='word_1_45' title='bbox 617 1265 733 1346; x_wconf 80' lang='lat' dir='ltr'><strong>probis</strong></span> <span class='ocrx_word' id='word_1_46' title='bbox 743 1265 949 1346; x_wconf 88' lang='lat' dir='ltr'><strong>quibusdam</strong></span> <span class='ocrx_word' id='word_1_47' title='bbox 962 1269 1194 1331; x_wconf 89' lang='lat' dir='ltr'><strong>Romanorum</strong></span> 
     </span>
     <span class='ocr_line' id='line_1_9' title="bbox 232 1364 1192 1453; baseline 0.002 -25"><span class='ocrx_word' id='word_1_48' title='bbox 232 1364 500 1449; x_wconf 85' lang='lat' dir='ltr'><strong>indignationem</strong></span> <span class='ocrx_word' id='word_1_49' title='bbox 516 1380 711 1453; x_wconf 90' lang='lat' dir='ltr'><strong>moverunt,</strong></span> <span class='ocrx_word' id='word_1_50' title='bbox 728 1371 881 1437; x_wconf 84' lang='lat' dir='ltr'><strong>Romano</strong></span> <span class='ocrx_word' id='word_1_51' title='bbox 891 1377 997 1438; x_wconf 89' lang='lat' dir='ltr'><strong>etiam</strong></span> <span class='ocrx_word' id='word_1_52' title='bbox 1013 1374 1048 1438; x_wconf 89' lang='lat' dir='ltr'><strong>in</strong></span> <span class='ocrx_word' id='word_1_53' title='bbox 1062 1379 1192 1436; x_wconf 86' lang='lat' dir='ltr'><strong>senatu.</strong></span> 
     </span>
     <span class='ocr_line' id='line_1_10' title="bbox 229 1472 1194 1559; baseline 0.008 -25"><span class='ocrx_word' id='word_1_54' title='bbox 229 1472 381 1554; x_wconf 85' lang='lat' dir='ltr'><strong>Namque</strong></span> <span class='ocrx_word' id='word_1_55' title='bbox 399 1474 560 1542; x_wconf 79' lang='lat' dir='ltr'><strong>laureatae</strong></span> <span class='ocrx_word' id='word_1_56' title='bbox 578 1477 796 1559; x_wconf 90' lang='lat' dir='ltr'><strong>imperatoris</strong></span> <span class='ocrx_word' id='word_1_57' title='bbox 807 1479 930 1545; x_wconf 86' lang='lat' dir='ltr'><strong>litterae</strong></span> <span class='ocrx_word' id='word_1_58' title='bbox 943 1481 979 1545; x_wconf 91' lang='lat' dir='ltr'><strong>in</strong></span> <span class='ocrx_word' id='word_1_59' title='bbox 994 1481 1088 1544; x_wconf 90' lang='lat' dir='ltr'><strong>curia</strong></span> <span class='ocrx_word' id='word_1_60' title='bbox 1107 1481 1194 1544; x_wconf 86' lang='lat' dir='ltr'><strong>reci-</strong></span> 
     </span>
     <span class='ocr_line' id='line_1_11' title="bbox 226 1584 1194 1669; baseline 0.011 -29"><span class='ocrx_word' id='word_1_61' title='bbox 226 1585 300 1642; x_wconf 84' lang='lat' dir='ltr'><strong>tatae</strong></span> <span class='ocrx_word' id='word_1_62' title='bbox 311 1599 422 1660; x_wconf 87' lang='lat' dir='ltr'><strong>quum</strong></span> <span class='ocrx_word' id='word_1_63' title='bbox 439 1591 563 1662; x_wconf 85' lang='lat' dir='ltr'><strong>essent,</strong></span> <span class='ocrx_word' id='word_1_64' title='bbox 580 1590 615 1648; x_wconf 92' lang='lat' dir='ltr'><strong>et</strong></span> <span class='ocrx_word' id='word_1_65' title='bbox 627 1584 896 1666; x_wconf 85' lang='lat' dir='ltr'><strong>supplicationes</strong></span> <span class='ocrx_word' id='word_1_66' title='bbox 912 1587 1194 1669; x_wconf 76' lang='lat' dir='ltr'><strong>proptertaesaris</strong></span> 
     </span>
     <span class='ocr_line' id='line_1_12' title="bbox 221 1681 1193 1777; baseline 0.008 -25"><span class='ocrx_word' id='word_1_67' title='bbox 221 1688 267 1752; x_wconf 90' lang='lat' dir='ltr'><strong>de</strong></span> <span class='ocrx_word' id='word_1_68' title='bbox 277 1689 458 1760; x_wconf 84' lang='lat' dir='ltr'><strong>Germanis</strong></span> <span class='ocrx_word' id='word_1_69' title='bbox 474 1681 887 1777; x_wconf 74' lang='lat' dir='ltr'><strong>victoriamvorerentur3</strong></span> <span class='ocrx_word' id='word_1_70' title='bbox 907 1702 982 1766; x_wconf 87' lang='lat' dir='ltr'><strong>tum</strong></span> <span class='ocrx_word' id='word_1_71' title='bbox 989 1696 1087 1762; x_wconf 85' lang='lat' dir='ltr'><strong>Cato:</strong></span> <span class='ocrx_word' id='word_1_72' title='bbox 1101 1695 1193 1766; x_wconf 67' lang='lat' dir='ltr'><strong>stia-</strong></span> 
     </span>
     <span class='ocr_line' id='line_1_13' title="bbox 227 1798 1191 1882; baseline 0.004 -21"><span class='ocrx_word' id='word_1_73' title='bbox 227 1800 309 1862; x_wconf 89' lang='lat' dir='ltr'><strong>cula</strong></span> <span class='ocrx_word' id='word_1_74' title='bbox 324 1798 460 1880; x_wconf 87' lang='lat' dir='ltr'><strong>potius,</strong></span> <span class='ocrx_word' id='word_1_75' title='bbox 477 1801 539 1882; x_wconf 92' lang='lat' dir='ltr'><strong>ait,</strong></span> <span class='ocrx_word' id='word_1_76' title='bbox 556 1807 592 1865; x_wconf 92' lang='lat' dir='ltr'><strong>et</strong></span> <span class='ocrx_word' id='word_1_77' title='bbox 606 1801 867 1882; x_wconf 89' lang='lat' dir='ltr'><strong>procurationes</strong></span> <span class='ocrx_word' id='word_1_78' title='bbox 878 1809 1013 1865; x_wconf 82' lang='lat' dir='ltr'><strong>vovete.</strong></span> <span class='ocrx_word' id='word_1_79' title='bbox 1027 1801 1191 1881; x_wconf 71' lang='lat' dir='ltr'><strong>cesarem</strong></span> 
     </span>
     <span class='ocr_line' id='line_1_14' title="bbox 223 1907 1193 1989; baseline -0.001 -16"><span class='ocrx_word' id='word_1_80' title='bbox 223 1909 317 1976; x_wconf 88' lang='lat' dir='ltr'><strong>enim</strong></span> <span class='ocrx_word' id='word_1_81' title='bbox 333 1907 512 1974; x_wconf 89' lang='lat' dir='ltr'><strong>Germanis</strong></span> <span class='ocrx_word' id='word_1_82' title='bbox 525 1908 725 1972; x_wconf 85' lang='lat' dir='ltr'><strong>dedendum</strong></span> <span class='ocrx_word' id='word_1_83' title='bbox 743 1916 778 1972; x_wconf 89' lang='lat' dir='ltr'><strong>et</strong></span> <span class='ocrx_word' id='word_1_84' title='bbox 790 1907 997 1989; x_wconf 79' lang='lat' dir='ltr'><strong>tradendum</strong></span> <span class='ocrx_word' id='word_1_85' title='bbox 1013 1927 1137 1981; x_wconf 90' lang='lat' dir='ltr'><strong>censeo</strong></span> <span class='ocrx_word' id='word_1_86' title='bbox 1149 1928 1193 1972; x_wconf 89' lang='lat' dir='ltr'><strong>ne</strong></span> 
     </span>
    </p>
   </div>
   <div class='ocr_carea' id='block_1_3' title="bbox 223 2019 1193 2104">
    <p class='ocr_par' dir='ltr' id='par_1_4' title="bbox 223 2019 1193 2104">
     <span class='ocr_line' id='line_1_15' title="bbox 223 2019 1193 2104; baseline 0.003 -21"><span class='ocrx_word' id='word_1_87' title='bbox 223 2019 259 2084; x_wconf 91' lang='lat' dir='ltr'><strong>iu</strong></span> <span class='ocrx_word' id='word_1_88' title='bbox 269 2021 521 2102; x_wconf 90' lang='lat' dir='ltr'><strong>rempublicam</strong></span> <span class='ocrx_word' id='word_1_89' title='bbox 530 2022 638 2086; x_wconf 92' lang='lat' dir='ltr'><strong>serius</strong></span> <span class='ocrx_word' id='word_1_90' title='bbox 648 2021 744 2084; x_wconf 91' lang='lat' dir='ltr'><strong>ocius</strong></span> <span class='ocrx_word' id='word_1_91' title='bbox 752 2019 869 2085; x_wconf 85' lang='lat' dir='ltr'><strong>violati</strong></span> <span class='ocrx_word' id='word_1_92' title='bbox 882 2019 968 2101; x_wconf 87' lang='lat' dir='ltr'><strong>juris</strong></span> <span class='ocrx_word' id='word_1_93' title='bbox 979 2021 1090 2084; x_wconf 86' lang='lat' dir='ltr'><strong>scelus</strong></span> <span class='ocrx_word' id='word_1_94' title='bbox 1108 2023 1193 2104; x_wconf 71' lang='lat' dir='ltr'><strong>(rre—</strong></span> 
     </span>
    </p>
   </div>
   <div class='ocr_carea' id='block_1_4' title="bbox 223 2124 1192 2342">
    <p class='ocr_par' dir='ltr' id='par_1_5' title="bbox 223 2124 1192 2342">
     <span class='ocr_line' id='line_1_16' title="bbox 223 2124 1192 2243; baseline 0.001 -34"><span class='ocrx_word' id='word_1_95' title='bbox 223 2124 442 2228; x_wconf 73' lang='grc' dir='ltr'>ρασπόνδημα)</span> <span class='ocrx_word' id='word_1_96' title='bbox 458 2151 493 2206; x_wconf 92' lang='lat' dir='ltr'><strong>et</strong></span> <span class='ocrx_word' id='word_1_97' title='bbox 513 2162 616 2230; x_wconf 71' lang='lat' dir='ltr'><strong>poena</strong></span> <span class='ocrx_word' id='word_1_98' title='bbox 639 2144 806 2217; x_wconf 74' lang='lat' dir='ltr'><strong>decidat»</strong></span> <span class='ocrx_word' id='word_1_99' title='bbox 838 2133 897 2227; x_wconf 73' lang='lat'><strong>(2),</strong></span> <span class='ocrx_word' id='word_1_100' title='bbox 925 2163 995 2224; x_wconf 87' lang='lat' dir='ltr'><strong>quo</strong></span> <span class='ocrx_word' id='word_1_101' title='bbox 1018 2145 1192 2243; x_wconf 71' lang='lat' dir='ltr'><strong>ueniente</strong></span> 
     </span>
     <span class='ocr_line' id='line_1_17' title="bbox 223 2253 1119 2342; baseline 0.006 -24"><span class='ocrx_word' id='word_1_102' title='bbox 223 2253 329 2327; x_wconf 86' lang='lat' dir='ltr'><strong>modo</strong></span> <span class='ocrx_word' id='word_1_103' title='bbox 351 2253 484 2330; x_wconf 80' lang='lat' dir='ltr'><strong>Caesaris</strong></span> <span class='ocrx_word' id='word_1_104' title='bbox 497 2257 556 2328; x_wconf 86' lang='lat' dir='ltr'><strong>s&#39;ed</strong></span> <span class='ocrx_word' id='word_1_105' title='bbox 579 2257 731 2340; x_wconf 82' lang='lat' dir='ltr'><strong>narratio</strong></span> <span class='ocrx_word' id='word_1_106' title='bbox 744 2256 849 2321; x_wconf 91' lang='lat' dir='ltr'><strong>etiam</strong></span> <span class='ocrx_word' id='word_1_107' title='bbox 865 2256 1046 2323; x_wconf 89' lang='lat' dir='ltr'><strong>incusatur</strong></span> <span class='ocrx_word' id='word_1_108' title='bbox 1059 2257 1119 2342; x_wconf 52' lang='lat'><strong>(3),</strong></span> 
     </span>
    </p>
   </div>
   <div class='ocr_carea' id='block_1_5' title="bbox 174 2519 1190 4095">
    <p class='ocr_par' dir='ltr' id='par_1_6' title="bbox 174 2519 1190 2821">
     <span class='ocr_line' id='line_1_18' title="bbox 264 2519 620 2606; baseline 0.008 -25"><span class='ocrx_word' id='word_1_109' title='bbox 264 2519 312 2606; x_wconf 77' lang='grc'><strong>(1)</strong></span> <span class='ocrx_word' id='word_1_110' title='bbox 329 2524 373 2594; x_wconf 82' lang='lat' dir='ltr'><strong>De</strong></span> <span class='ocrx_word' id='word_1_111' title='bbox 395 2524 446 2583; x_wconf 81' lang='lat' dir='ltr'><strong>bei.</strong></span> <span class='ocrx_word' id='word_1_112' title='bbox 466 2523 552 2598; x_wconf 71' lang='lat' dir='ltr'><strong>Get,</strong></span> <span class='ocrx_word' id='word_1_113' title='bbox 573 2527 620 2584; x_wconf 85' lang='lat'><strong>15.</strong></span> 
     </span>
     <span class='ocr_line' id='line_1_19' title="bbox 265 2627 860 2710; baseline 0.013 -24"><span class='ocrx_word' id='word_1_114' title='bbox 265 2628 654 2710; x_wconf 74' lang='lat' dir='ltr'><strong>(2)canusius,ap.1³tut.</strong></span> <span class='ocrx_word' id='word_1_115' title='bbox 673 2633 703 2691; x_wconf 87' lang='lat' dir='ltr'><strong>in</strong></span> <span class='ocrx_word' id='word_1_116' title='bbox 722 2627 792 2696; x_wconf 75' lang='lat' dir='ltr'><strong>Cas.</strong></span> <span class='ocrx_word' id='word_1_117' title='bbox 811 2636 860 2694; x_wconf 73' lang='lat'><strong>22.</strong></span> 
     </span>
     <span class='ocr_line' id='line_1_20' title="bbox 174 2731 1190 2821; baseline 0.007 -28"><span class='ocrx_word' id='word_1_118' title='bbox 174 2731 177 2736; x_wconf 83' lang='grc'><strong>’</strong></span> <span class='ocrx_word' id='word_1_119' title='bbox 265 2734 311 2816; x_wconf 75' lang='lat'><strong>(3)</strong></span> <span class='ocrx_word' id='word_1_120' title='bbox 326 2738 363 2807; x_wconf 84' lang='lat'><em>1¹¹.</em></span> <span class='ocrx_word' id='word_1_121' title='bbox 376 2737 435 2798; x_wconf 91' lang='lat' dir='ltr'><strong>hoc</strong></span> <span class='ocrx_word' id='word_1_122' title='bbox 448 2739 543 2798; x_wconf 87' lang='lat' dir='ltr'><strong>etiam</strong></span> <span class='ocrx_word' id='word_1_123' title='bbox 558 2740 731 2800; x_wconf 87' lang='lat' dir='ltr'><strong>audiendus</strong></span> <span class='ocrx_word' id='word_1_124' title='bbox 745 2744 854 2802; x_wconf 86' lang='lat' dir='ltr'><strong>Noster</strong></span> <span class='ocrx_word' id='word_1_125' title='bbox 866 2745 977 2821; x_wconf 87' lang='lat' dir='ltr'><strong>saepius</strong></span> <span class='ocrx_word' id='word_1_126' title='bbox 988 2743 1057 2820; x_wconf 88' lang='lat' dir='ltr'><strong>jem</strong></span> <span class='ocrx_word' id='word_1_127' title='bbox 1076 2742 1190 2802; x_wconf 85' lang='lat' dir='ltr'><strong>lauda-</strong></span> 
     </span>
    </p>

    <p class='ocr_par' dir='ltr' id='par_1_7' title="bbox 224 2851 294 2914">
     <span class='ocr_line' id='line_1_21' title="bbox 224 2851 294 2914; baseline 0.029 -14"><span class='ocrx_word' id='word_1_128' title='bbox 224 2851 274 2902; x_wconf 87' lang='lat' dir='ltr'><strong>tus</strong></span> <span class='ocrx_word' id='word_1_129' title='bbox 287 2865 294 2914; x_wconf 65' lang='grc' dir='ltr'><strong>ς</strong></span> 
     </span>
    </p>

    <p class='ocr_par' dir='ltr' id='par_1_8' title="bbox 216 2951 1190 4095">
     <span class='ocr_line' id='line_1_22' title="bbox 270 2951 1190 3034; baseline 0.007 -28"><span class='ocrx_word' id='word_1_130' title='bbox 270 2976 281 3006; x_wconf 71' lang='lat' dir='ltr'><strong>a</strong></span> <span class='ocrx_word' id='word_1_131' title='bbox 297 2954 340 3011; x_wconf 88' lang='lat' dir='ltr'><strong>La</strong></span> <span class='ocrx_word' id='word_1_132' title='bbox 357 2951 504 3012; x_wconf 88' lang='lat' dir='ltr'><strong>eonduite</strong></span> <span class='ocrx_word' id='word_1_133' title='bbox 518 2954 556 3012; x_wconf 88' lang='lat' dir='ltr'><strong>de</strong></span> <span class='ocrx_word' id='word_1_134' title='bbox 573 2957 669 3014; x_wconf 68' lang='lat' dir='ltr'><strong>cesar</strong></span> <span class='ocrx_word' id='word_1_135' title='bbox 681 2971 789 3015; x_wconf 84' lang='lat' dir='ltr'><strong>envers</strong></span> <span class='ocrx_word' id='word_1_136' title='bbox 809 2956 853 3014; x_wconf 88' lang='lat' dir='ltr'><strong>les</strong></span> <span class='ocrx_word' id='word_1_137' title='bbox 867 2959 995 3034; x_wconf 91' lang='lat' dir='ltr'><strong>peuples</strong></span> <span class='ocrx_word' id='word_1_138' title='bbox 1009 2955 1048 3014; x_wconf 93' lang='lat' dir='ltr'><strong>de</strong></span> <span class='ocrx_word' id='word_1_139' title='bbox 1065 2957 1141 3032; x_wconf 85' lang='lat' dir='ltr'><strong>Berg</strong></span> <span class='ocrx_word' id='word_1_140' title='bbox 1159 2963 1190 3028; x_wconf 84' lang='lat' dir='ltr'><strong>et</strong></span> 
     </span>
     <span class='ocr_line' id='line_1_23' title="bbox 223 3057 1188 3138; baseline -0.001 -23"><span class='ocrx_word' id='word_1_141' title='bbox 223 3057 261 3117; x_wconf 92' lang='lat' dir='ltr'><strong>de</strong></span> <span class='ocrx_word' id='word_1_142' title='bbox 285 3059 433 3138; x_wconf 66' lang='lat' dir='ltr'><strong>Zutphen&#39;</strong></span> <span class='ocrx_word' id='word_1_143' title='bbox 449 3068 496 3118; x_wconf 90' lang='lat' dir='ltr'><strong>est</strong></span> <span class='ocrx_word' id='word_1_144' title='bbox 517 3067 624 3118; x_wconf 85' lang='lat' dir='ltr'><strong>contre</strong></span> <span class='ocrx_word' id='word_1_145' title='bbox 649 3060 678 3119; x_wconf 91' lang='lat' dir='ltr'><strong>le</strong></span> <span class='ocrx_word' id='word_1_146' title='bbox 695 3059 775 3117; x_wconf 87' lang='lat' dir='ltr'><strong>droit</strong></span> <span class='ocrx_word' id='word_1_147' title='bbox 797 3059 850 3118; x_wconf 90' lang='lat' dir='ltr'><strong>des</strong></span> <span class='ocrx_word' id='word_1_148' title='bbox 863 3076 948 3136; x_wconf 81' lang='lat' dir='ltr'><strong>gens.</strong></span> <span class='ocrx_word' id='word_1_149' title='bbox 970 3058 1052 3118; x_wconf 89' lang='lat' dir='ltr'><strong>C’est</strong></span> <span class='ocrx_word' id='word_1_150' title='bbox 1066 3077 1105 3117; x_wconf 92' lang='lat' dir='ltr'><strong>en</strong></span> <span class='ocrx_word' id='word_1_151' title='bbox 1118 3060 1188 3119; x_wconf 82' lang='lat' dir='ltr'><strong>rein</strong></span> 
     </span>
     <span class='ocr_line' id='line_1_24' title="bbox 223 3146 1189 3254; baseline -0.002 -32"><span class='ocrx_word' id='word_1_152' title='bbox 223 3163 298 3254; x_wconf 82' lang='lat' dir='ltr'><strong>qu’il</strong></span> <span class='ocrx_word' id='word_1_153' title='bbox 319 3164 453 3225; x_wconf 86' lang='lat' dir='ltr'><strong>cherche</strong></span> <span class='ocrx_word' id='word_1_154' title='bbox 469 3165 547 3238; x_wconf 77' lang='lat' dir='ltr'><strong>dens</strong></span> <span class='ocrx_word' id='word_1_155' title='bbox 563 3182 611 3223; x_wconf 89' lang='lat' dir='ltr'><strong>ses</strong></span> <span class='ocrx_word' id='word_1_156' title='bbox 629 3165 795 3224; x_wconf 76' lang='lat' dir='ltr'><strong>memoires</strong></span> <span class='ocrx_word' id='word_1_157' title='bbox 811 3165 961 3224; x_wconf 60' lang='lat' dir='ltr'><strong>&amp;colores</strong></span> <span class='ocrx_word' id='word_1_158' title='bbox 973 3146 1140 3243; x_wconf 85' lang='lat' dir='ltr'><strong>l’injustice</strong></span> <span class='ocrx_word' id='word_1_159' title='bbox 1150 3163 1189 3220; x_wconf 85' lang='lat' dir='ltr'><strong>de</strong></span> 
     </span>
     <span class='ocr_line' id='line_1_25' title="bbox 220 3251 1188 3348; baseline -0.002 -20"><span class='ocrx_word' id='word_1_160' title='bbox 220 3251 255 3329; x_wconf 83' lang='lat' dir='ltr'><strong>sa</strong></span> <span class='ocrx_word' id='word_1_161' title='bbox 268 3272 427 3331; x_wconf 90' lang='lat' dir='ltr'><strong>conduite.</strong></span> <span class='ocrx_word' id='word_1_162' title='bbox 446 3273 534 3330; x_wconf 81' lang='lat' dir='ltr'><strong>Aussi</strong></span> <span class='ocrx_word' id='word_1_163' title='bbox 549 3273 649 3332; x_wconf 88' lang='lat' dir='ltr'><strong>Caton</strong></span> <span class='ocrx_word' id='word_1_164' title='bbox 660 3271 690 3329; x_wconf 84' lang='lat' dir='ltr'><strong>la</strong></span> <span class='ocrx_word' id='word_1_165' title='bbox 700 3271 745 3330; x_wconf 92' lang='lat' dir='ltr'><strong>lui</strong></span> <span class='ocrx_word' id='word_1_166' title='bbox 754 3271 971 3348; x_wconf 85' lang='lat' dir='ltr'><strong>reprochait-il</strong></span> <span class='ocrx_word' id='word_1_167' title='bbox 983 3274 1188 3344; x_wconf 61' lang='lat' dir='ltr'><strong>amerernent.⁸</strong></span> 
     </span>
     <span class='ocr_line' id='line_1_26' title="bbox 220 3375 1188 3460; baseline -0.004 -24"><span class='ocrx_word' id='word_1_168' title='bbox 220 3379 310 3460; x_wconf 72' lang='lat' dir='ltr'><strong>Cette</strong></span> <span class='ocrx_word' id='word_1_169' title='bbox 325 3379 450 3438; x_wconf 86' lang='lat' dir='ltr'><strong>victoire</strong></span> <span class='ocrx_word' id='word_1_170' title='bbox 475 3385 583 3435; x_wconf 88' lang='lat' dir='ltr'><strong>contre</strong></span> <span class='ocrx_word' id='word_1_171' title='bbox 607 3377 652 3435; x_wconf 91' lang='lat' dir='ltr'><strong>les</strong></span> <span class='ocrx_word' id='word_1_172' title='bbox 667 3377 794 3456; x_wconf 90' lang='lat' dir='ltr'><strong>peuples</strong></span> <span class='ocrx_word' id='word_1_173' title='bbox 818 3377 856 3436; x_wconf 90' lang='lat' dir='ltr'><strong>de</strong></span> <span class='ocrx_word' id='word_1_174' title='bbox 879 3376 1022 3455; x_wconf 88' lang='lat' dir='ltr'><strong>Zutphen</strong></span> <span class='ocrx_word' id='word_1_175' title='bbox 1040 3393 1057 3432; x_wconf 89' lang='lat' dir='ltr'><strong>a</strong></span> <span class='ocrx_word' id='word_1_176' title='bbox 1076 3378 1124 3434; x_wconf 75' lang='lat' dir='ltr'><strong>ete</strong></span> <span class='ocrx_word' id='word_1_177' title='bbox 1145 3375 1188 3432; x_wconf 86' lang='lat' dir='ltr'><strong>du</strong></span> 
     </span>
     <span class='ocr_line' id='line_1_27' title="bbox 220 3481 1189 3564; baseline -0.008 -19"><span class='ocrx_word' id='word_1_178' title='bbox 220 3491 301 3545; x_wconf 86' lang='lat' dir='ltr'><strong>reste</strong></span> <span class='ocrx_word' id='word_1_179' title='bbox 320 3501 382 3561; x_wconf 88' lang='lat' dir='ltr'><strong>pen</strong></span> <span class='ocrx_word' id='word_1_180' title='bbox 408 3483 578 3560; x_wconf 80' lang='lat' dir='ltr'><strong>glorieuse3</strong></span> <span class='ocrx_word' id='word_1_181' title='bbox 599 3499 652 3540; x_wconf 90' lang='lat' dir='ltr'><strong>oar</strong></span> <span class='ocrx_word' id='word_1_182' title='bbox 674 3481 781 3564; x_wconf 90' lang='lat' dir='ltr'><strong>quand</strong></span> <span class='ocrx_word' id='word_1_183' title='bbox 797 3486 902 3542; x_wconf 82' lang='lat' dir='ltr'><strong>meme</strong></span> <span class='ocrx_word' id='word_1_184' title='bbox 923 3482 1049 3541; x_wconf 55' lang='lat' dir='ltr'><strong>ceuxnci</strong></span> <span class='ocrx_word' id='word_1_185' title='bbox 1064 3489 1189 3537; x_wconf 88' lang='lat' dir='ltr'><strong>eussent</strong></span> 
     </span>
     <span class='ocr_line' id='line_1_28' title="bbox 220 3587 1187 3670; baseline -0.004 -23"><span class='ocrx_word' id='word_1_186' title='bbox 220 3591 308 3668; x_wconf 78' lang='lat' dir='ltr'><strong>passe</strong></span> <span class='ocrx_word' id='word_1_187' title='bbox 322 3590 351 3648; x_wconf 94' lang='lat' dir='ltr'><strong>le</strong></span> <span class='ocrx_word' id='word_1_188' title='bbox 360 3589 441 3648; x_wconf 87' lang='lat' dir='ltr'><strong>Rhin</strong></span> <span class='ocrx_word' id='word_1_189' title='bbox 456 3587 687 3670; x_wconf 84' lang='lat' dir='ltr'><strong>effectirement</strong></span> <span class='ocrx_word' id='word_1_190' title='bbox 702 3606 743 3646; x_wconf 90' lang='lat' dir='ltr'><strong>au</strong></span> <span class='ocrx_word' id='word_1_191' title='bbox 749 3588 881 3647; x_wconf 83' lang='lat' dir='ltr'><strong>nombre</strong></span> <span class='ocrx_word' id='word_1_192' title='bbox 895 3587 933 3647; x_wconf 89' lang='lat' dir='ltr'><strong>de</strong></span> <span class='ocrx_word' id='word_1_193' title='bbox 947 3587 1076 3662; x_wconf 70' lang='lat' dir='ltr'><strong>teneto</strong></span> <span class='ocrx_word' id='word_1_194' title='bbox 1090 3603 1187 3657; x_wconf 86' lang='lat' dir='ltr'><strong>ames,</strong></span> 
     </span>
     <span class='ocr_line' id='line_1_29' title="bbox 219 3695 1184 3774; baseline -0.002 -19"><span class='ocrx_word' id='word_1_195' title='bbox 219 3698 286 3755; x_wconf 85' lang='lat' dir='ltr'><strong>ecla</strong></span> <span class='ocrx_word' id='word_1_196' title='bbox 302 3715 342 3756; x_wconf 92' lang='lat' dir='ltr'><strong>ne</strong></span> <span class='ocrx_word' id='word_1_197' title='bbox 353 3695 423 3756; x_wconf 84' lang='lat' dir='ltr'><strong>leur</strong></span> <span class='ocrx_word' id='word_1_198' title='bbox 435 3695 599 3756; x_wconf 88' lang='lat' dir='ltr'><strong>donnerait</strong></span> <span class='ocrx_word' id='word_1_199' title='bbox 611 3713 667 3774; x_wconf 88' lang='lat' dir='ltr'><strong>pas</strong></span> <span class='ocrx_word' id='word_1_200' title='bbox 682 3697 752 3774; x_wconf 88' lang='lat' dir='ltr'><strong>plus</strong></span> <span class='ocrx_word' id='word_1_201' title='bbox 770 3695 807 3753; x_wconf 85' lang='lat' dir='ltr'><strong>de</strong></span> <span class='ocrx_word' id='word_1_202' title='bbox 822 3695 932 3768; x_wconf 82' lang='lat'><strong>80,000</strong></span> <span class='ocrx_word' id='word_1_203' title='bbox 955 3697 1184 3769; x_wconf 85' lang='lat' dir='ltr'><strong>combattants,</strong></span> 
     </span>
     <span class='ocr_line' id='line_1_30' title="bbox 219 3801 1187 3882; baseline -0.004 -21"><span class='ocrx_word' id='word_1_204' title='bbox 219 3802 399 3882; x_wconf 86' lang='lat' dir='ltr'><strong>incapables</strong></span> <span class='ocrx_word' id='word_1_205' title='bbox 420 3801 458 3862; x_wconf 91' lang='lat' dir='ltr'><strong>de</strong></span> <span class='ocrx_word' id='word_1_206' title='bbox 480 3804 560 3862; x_wconf 89' lang='lat' dir='ltr'><strong>tenir</strong></span> <span class='ocrx_word' id='word_1_207' title='bbox 582 3805 644 3862; x_wconf 83' lang='lat' dir='ltr'><strong>tete</strong></span> <span class='ocrx_word' id='word_1_208' title='bbox 659 3804 677 3862; x_wconf 73' lang='lat' dir='ltr'><strong>a</strong></span> <span class='ocrx_word' id='word_1_209' title='bbox 695 3803 712 3861; x_wconf 89' lang='lat'><strong>8</strong></span> <span class='ocrx_word' id='word_1_210' title='bbox 729 3802 846 3878; x_wconf 75' lang='lat' dir='ltr'><strong>legions</strong></span> <span class='ocrx_word' id='word_1_211' title='bbox 870 3809 1037 3864; x_wconf 88' lang='lat' dir='ltr'><strong>soutenues</strong></span> <span class='ocrx_word' id='word_1_212' title='bbox 1059 3819 1116 3879; x_wconf 88' lang='lat' dir='ltr'><strong>par</strong></span> <span class='ocrx_word' id='word_1_213' title='bbox 1142 3803 1187 3859; x_wconf 87' lang='lat' dir='ltr'><strong>les</strong></span> 
     </span>
     <span class='ocr_line' id='line_1_31' title="bbox 217 3905 1186 3989; baseline -0.009 -18"><span class='ocrx_word' id='word_1_214' title='bbox 217 3918 341 3989; x_wconf 72' lang='lat' dir='ltr'><strong>troupes</strong></span> <span class='ocrx_word' id='word_1_215' title='bbox 362 3909 534 3970; x_wconf 84' lang='lat' dir='ltr'><strong>auxiliaires</strong></span> <span class='ocrx_word' id='word_1_216' title='bbox 555 3918 585 3969; x_wconf 92' lang='lat' dir='ltr'><strong>et</strong></span> <span class='ocrx_word' id='word_1_217' title='bbox 603 3911 755 3986; x_wconf 83' lang='lat' dir='ltr'><strong>gauloises</strong></span> <span class='ocrx_word' id='word_1_218' title='bbox 774 3908 827 3986; x_wconf 90' lang='lat' dir='ltr'><strong>qui</strong></span> <span class='ocrx_word' id='word_1_219' title='bbox 849 3909 972 3967; x_wconf 88' lang='lat' dir='ltr'><strong>avaient</strong></span> <span class='ocrx_word' id='word_1_220' title='bbox 987 3905 1186 3965; x_wconf 79' lang='lat' dir='ltr'><strong>tant-d’inte·</strong></span> 
     </span>
     <span class='ocr_line' id='line_1_32' title="bbox 216 4012 1185 4095; baseline -0.008 -17"><span class='ocrx_word' id='word_1_221' title='bbox 216 4022 263 4078; x_wconf 74' lang='lat' dir='ltr'><strong>ret</strong></span> <span class='ocrx_word' id='word_1_222' title='bbox 272 4017 441 4079; x_wconf 78' lang='lat' dir='ltr'><strong>etefendre</strong></span> <span class='ocrx_word' id='word_1_223' title='bbox 455 4019 523 4078; x_wconf 89' lang='lat' dir='ltr'><strong>leur</strong></span> <span class='ocrx_word' id='word_1_224' title='bbox 536 4019 697 4079; x_wconf 86' lang='lat' dir='ltr'><strong>territoire.</strong></span> <span class='ocrx_word' id='word_1_225' title='bbox 711 4041 723 4072; x_wconf 73' lang='grc' dir='ltr'><strong>ι</strong></span> <span class='ocrx_word' id='word_1_226' title='bbox 742 4017 910 4095; x_wconf 80' lang='lat' dir='ltr'><strong>Napoleon,</strong></span> <span class='ocrx_word' id='word_1_227' title='bbox 924 4013 996 4074; x_wconf 82' lang='lat' dir='ltr'><strong>Ouo.</strong></span> <span class='ocrx_word' id='word_1_228' title='bbox 1007 4015 1071 4090; x_wconf 77' lang='lat' dir='ltr'><strong>cit,</strong></span> <span class='ocrx_word' id='word_1_229' title='bbox 1090 4033 1121 4094; x_wconf 84' lang='lat' dir='ltr'><strong>p.</strong></span> <span class='ocrx_word' id='word_1_230' title='bbox 1134 4012 1185 4082; x_wconf 68' lang='grc' dir='ltr'><strong>6ος</strong></span> 
     </span>
    </p>
   </div>
   <div class='ocr_carea' id='block_1_6' title="bbox 0 0 1536 5230">
    <p class='ocr_par' dir='ltr' id='par_1_9' title="bbox 0 0 1536 5230">
     <span class='ocr_line' id='line_1_33' title="bbox 0 0 1536 5230; baseline 0 3"><span class='ocrx_word' id='word_1_231' title='bbox 0 0 1536 5230; x_wconf 95' lang='lat' dir='ltr'><strong> </strong></span> 
     </span>
    </p>
   </div>
  </div>
 </body>
</html>
