3062 5230
600 505 757 568 ..13-

183 634 347 722 omnibus
374 635 502 713 rebus,
531 633 784 718 Vercingetorix
808 634 878 698 haec
905 634 947 698 ad
972 649 1052 698 suos
1075 651 1150 713 quae

185 761 329 828 prorsus
341 743 487 808 heroem
499 746 626 806 sonant
640 761 647 801 ε

87 937 92 948 ι
231 881 246 912 t
260 854 296 918 id
308 873 345 918 se
361 853 492 918 beilum
506 852 698 933 suscepisse
712 869 783 916 non
809 869 951 917 suarum
967 853 1151 920 necessita-

188 969 288 1040 tum,
313 961 372 1024 sed
388 957 584 1024 communis
598 949 766 1023 libertatis
781 975 884 1024 causa
897 977 905 1039 3
931 967 966 1022 et
987 961 1151 1040 quoniam

188 1064 232 1130 sit
255 1064 402 1133 fortunae
414 1061 607 1126 cedendum
622 1105 632 1143 ‚
649 1061 693 1126 ad
722 1070 911 1141 utramque
931 1078 1006 1126 rem
1032 1078 1068 1124 se
1086 1061 1153 1124 iilis

189 1171 336 1252 offerre,
357 1185 418 1234 seu
430 1173 546 1231 morte
559 1184 621 1231 sua
629 1167 792 1232 Romanis
804 1166 1016 1246 satisfacere,
1034 1183 1094 1229 seu
1106 1167 1156 1228 vi·

192 1293 276 1342 rum
286 1275 417 1340 tradere
431 1272 540 1338 veiint
554 1299 569 1330 ι
588 1273 652 1356 (1).

233 1381 311 1463 Quo
322 1378 497 1465 pauciora,
515 1386 610 1444 certe
623 1397 664 1444 eo
676 1379 877 1462 pulchriora
896 1386 932 1443 et
955 1397 1038 1444 vero
1063 1377 1158 1444 simi-

194 1487 278 1572 iiora
288 1485 408 1551 verba!
425 1487 513 1552 Tum
530 1485 657 1566 Caesar,
674 1485 768 1568 quod
775 1481 968 1550 incredibili
988 1481 1157 1546 brevitate

191 1611 294 1674 supra
311 1591 491 1658 hominem
504 1610 595 1679 pene
610 1593 769 1656 videatur
787 1613 795 1654 ε

234 1723 249 1754 α
266 1698 449 1764 Mittuntur
460 1700 505 1762 de
517 1699 570 1762 his
584 1699 686 1764 rebus
699 1698 742 1762 ad
755 1695 1044 1780 CaesaremIegati3
1061 1694 1160 1776 jubet

188 1823 287 1884 ,arma
309 1806 421 1886 tradi,
445 1805 621 1888 principes
635 1807 792 1888 produci.
816 1807 891 1888 lpse
914 1805 951 1869 in
965 1802 1159 1868 munitione

189 1929 255 1993 pro
275 1911 398 1976 castris
419 1911 576 1976 consedit
588 1933 596 1974 ε
609 1929 650 1976 eo
674 1913 782 1976 duces
799 1910 1055 1994 producuntur,
1081 1910 1161 1976 Ver·

190 2016 381 2100 cingetorix
393 2016 555 2104 deditur,
570 2033 667 2082 arma
680 2017 925 2100 projiciuntur.
942 2041 958 2072 ι

228 2125 330 2206 Quod
347 2127 453 2204 quam
465 2131 589 2206 aptum
609 2131 644 2188 ct
660 2142 821 2206 pressum
840 2129 876 2188 et
896 2122 1038 2187 firmum
1063 2121 1108 2185 sit
1121 2127 1161 2186 ut

190 2231 317 2312 sentias
327 2276 334 2306 ,
344 2229 592 2296 historicorum
599 2231 662 2296 hos
671 2230 791 2296 audias
804 2230 943 2312 quibus,
955 2235 996 2294 ut
1013 2228 1158 2308 videtur,

192 2344 287 2404 tanta
298 2337 446 2402 brevitas
460 2337 592 2422 ingrata
602 2346 664 2420 est,
677 2337 808 2419 quique
818 2339 985 2406 Caesarem
1001 2335 1161 2400 calamis·

192 2440 254 2510 tris
274 2441 413 2530 inurere
435 2442 447 2524 (
469 2444 564 2524 quod
589 2461 658 2508 suae
683 2443 792 2506 aetatis
818 2443 861 2506 ab
886 2440 1015 2521 ineptis
1031 2441 1161 2502 factum

195 2545 313 2620 Cicero
327 2551 396 2630 iam
406 2549 641 2633 querebatur)
654 2549 752 2638 omni
774 2549 880 2612 modo
895 2553 1079 2610 conantur.

238 2654 298 2718 Hic
307 2657 618 2742 Vercingetorigem
630 2656 750 2722 scribit
758 2661 944 2737 postquam
959 2667 1055 2714 arma
1085 2647 1163 2730 pul·

197 2762 366 2830 cherrima
383 2765 567 2849 induisset,
596 2785 686 2848 equo
710 2771 833 2831 ornato
845 2771 983 2829 rectum
996 2806 1005 2844 ,
1018 2779 1061 2826 ex
1073 2761 1162 2824 urbe

196 2891 370 2956 ¹egressum
393 2894 483 2958 esse,
510 2884 566 2941 ter
587 2876 720 2941 circum
744 2873 883 2940 Caesaris
913 2871 1062 2936 tribunal
1082 2870 1163 2934 obe-

196 2977 366 3060 quitasse3
401 2982 548 3061 deinde,
572 2980 735 3064 proiectis
771 2978 904 3058 armis,
939 2978 1082 3044 Caesaris
1115 2981 1164 3042 nd

193 3087 298 3169 pedes
303 3092 523 3173 procubuisse
537 3091 596 3174 (ἓ).
652 3133 658 3149 .

237 3195 390 3261 Ridicnia
408 3215 492 3262 sane
516 3205 551 3261 et
574 3217 695 3262 arero
716 3199 875 3274 absona,
905 3212 981 3275 quaa
1006 3191 1044 3256 in
1067 3194 1163 3257 thea-

126 3339 130 3348 ·
198 3307 255 3367 tro
281 3301 447 3368 duntaxat
476 3303 551 3369 ficri
571 3287 684 3385 usque
712 3303 826 3367 adhuc
848 3301 1075 3368 credideram.
1107 3300 1165 3365 liic

200 3424 283 3473 vero
313 3413 497 3492 supplicem
517 3408 638 3489 (quod
651 3406 760 3491 magis
776 3405 852 3488 est)
881 3404 916 3468 in
939 3401 1059 3468 castris
1082 3403 1164 3466 Ver-

201 3511 449 3595 cingetorigem
484 3514 648 3594 renisse‚
675 3512 908 3595 projectisque
953 3508 1089 3590 armis,
1119 3509 1166 3573 ita

203 3615 349 3688 dixisse:
365 3619 505 3684 «Habes
529 3618 653 3684 fortem
674 3618 812 3698 ¹virum,
835 3616 889 3680 vir
903 3615 1098 3696 fortissime,
1117 3616 1168 3680 vi·

246 3830 292 3910 (1)
306 3829 352 3888 ne
365 3831 418 3889 aa.
439 3833 505 3891 oar.
524 3836 600 3906 vu,
617 3835 666 3894 so.

203 3979 205 3984 π
228 3935 291 4017 Ι(2)
312 3963 324 3992 ⁶
345 3932 475 4000 Aruiates
496 3955 543 4002 τῶν
564 3946 644 4001 ὅπλων
660 3950 693 4000 τὰ
712 3945 849 4018 κάλλιστα,
868 3948 909 4000 καὶ
925 3948 1049 4020 κοσμήσας
1067 3948 1108 3998 τὸν
1128 3943 1169 3995 ἶπ-

206 4069 299 4132 3ror7...
319 4067 332 4099 s
354 4046 434 4103 Plut.
449 4047 478 4102 in
492 4046 523 4105 J.
539 4043 610 4110 Coes.
625 4047 673 4104 27.
736 4091 740 4096 .
