3062 5230
745 464 904 527 *3⁴*

344 609 492 681 tereret,
522 597 654 666 homini
677 596 842 664 obsistere
878 603 913 662 et
938 604 1069 662 melam
1100 610 1260 679 ponere,
1283 598 1313 660 si

343 717 482 790 tempus
494 707 608 772 adhue
627 699 773 792 sineret,
790 697 1028 769 decreverunt.
1046 703 1088 802 lli
1107 702 1236 808 Caesal,
1254 723 1314 769 oe-

343 817 476 900 eupatis
496 821 597 881 antea
611 809 797 894 omnibus,
823 813 1009 894 legumque
1039 815 1074 874 et
1101 807 1223 892 emplr'e
1246 809 1315 874 rei-

343 917 739 1004 ¹p'ublieae1rotens‚uiel
756 915 862 983 armis
872 919 948 980 rem
965 914 1037 998 egit
1047 921 1083 979 et
1095 913 1180 978 dum
1197 922 1258 977 sua
1270 931 1313 977 ex

343 1025 552 1116 partejuris‚
568 1019 802 1108 temperantiae
815 1027 850 1087 et
863 1018 1153 1105 magnanimitatis
1164 1020 1316 1102 speeiem

343 1133 514 1223 aliquam,
549 1130 683 1196 civibus
706 1129 743 1194 in
771 1127 891 1193 odium
917 1145 961 1191 ne
987 1128 1142 1207 leniret,
1164 1126 1318 1190 maxima

344 1237 530 1304 ealliditate
550 1234 782 1318 servarein),
796 1227 1007 1302 adversarios
1022 1247 1128 1315 quam
1143 1229 1313 1298 acerrime

345 1339 500 1427 plo'pmit
515 1345 621 1425 atque
632 1336 835 1425 profligavit.

347 1611 472 1694 quoque
488 1587 636 1672 ordinum
651 1609 782 1690 genere,
805 1607 852 1672 v³el
867 1611 1032 1686 invitatos,
1047 1611 1095 1675 vel
1112 1615 1222 1694 sponte
1234 1613 1275 1674 m
1286 1633 1319 1672 se

347 1713 576 1788 commeantes,
592 1705 752 1774 uberrimo
765 1716 923 1794 congiario
937 1718 1199 1796 prosequebatur:
1209 1782 1212 1790 ¹
1222 1719 1320 1777 liber-

349 1835 395 1886 tos
409 1829 537 1904 insuper
560 1826 759 1904 seruulosque
773 1821 944 1904 cujusque,
962 1832 1057 1902 prout
1071 1824 1200 1884 domino
1214 1835 1321 1906 patro-

349 1948 429 1991 nove
442 1937 545 2006 gratus
560 1929 628 2008 qdis
642 1938 733 1988 esset.
749 1931 833 1989 Tum
855 1946 996 2001 reorum,
1014 1937 1068 1988 aut
1087 1929 1319 2005 obaeratorum,
1355 1938 1358 1960 ¹

349 2045 404 2096 aut
423 2036 559 2116 prodigae
568 2034 759 2112 juventutis,
774 2031 951 2095 subsidium
962 2036 1095 2093 unicum
1108 2053 1144 2094 ae
1158 2040 1324 2116 promptis-

351 2147 469 2202 simum
497 2151 581 2214 erat3
604 2143 663 2199 nisi
686 2159 765 2220 quos
785 2143 904 2230 gravior
931 2133 1120 2214 eriminum,
1140 2143 1188 2202 vel
1207 2143 1321 2222 inopiae

350 2247 518 2307 luxuriaeve
542 2247 586 2305 vis
607 2254 731 2322 urgeret
762 2265 859 2324 quam
877 2255 913 2304 ut
934 2247 1091 2309 subveniri
1113 2254 1244 2326 possete
1266 2265 1316 2306 se:

352 2352 400 2411 his
410 2352 504 2432 plane
514 2352 635 2430 palam,
651 2351 721 2410 lello
731 2351 804 2410 civili
815 2327 883 2430 opos
893 2373 962 2432 esse,
978 2353 1111 2412 dicebat.
1125 2353 1187 2410 Nee
1197 2351 1320 2412 minore

350 2459 453 2518 studio
475 2464 562 2535 reges
584 2466 687 2538 atque·
704 2459 879 2538 provincias
891 2478 947 2538 per
960 2467 1115 2518 terrarum
1129 2457 1237 2516 orbem
1251 2459 1321 2517 alli-

310 2559 314 2566 ’
351 2565 477 2639 ciebat,
495 2573 573 2637 eto,
590 2573 648 2624 eto.
660 2607 670 2637 ,
684 2573 783 2625 eto...
801 2589 814 2620 r
835 2565 937 2625 27-28.

395 2665 441 2748 (l)
469 2671 562 2746 Quod
590 2671 688 2728 animi
708 2672 875 2730 consilium
896 2673 961 2749 ipse
985 2670 1100 2750 detegit
1120 2671 1219 2750 Oppio
1240 2679 1273 2729 et
1288 2675 1320 2730 li.

282 2785 284 2791 '
353 2775 499 2834 Cornelio
514 2775 556 2831 ita
569 2773 725 2832 scribens:

395 2908 408 2932 a
429 2881 568 2940 Consilio
599 2889 699 2941 vestro
730 2887 801 2941 utar
823 2881 974 2957 libenter,
1005 2892 1035 2942 et
1067 2883 1125 2944 hoc
1159 2884 1321 2959 libentius,

352 2989 439 3070 quod
455 3007 527 3048 mea
542 2995 653 3068 sponte
666 2987 770 3048 faeere
784 2991 1026 3062 constitueram,
1044 2998 1078 3048 ut
1092 3009 1189 3070 quam
1202 2993 1323 3050 lenissi-

351 3117 442 3158 mum
462 3116 514 3158 me
531 3097 765 3182 praeberem.3...
785 3097 956 3180 'reptemus
970 3095 1030 3156 hoc
1047 3096 1157 3170 modo,
1171 3097 1197 3154 si
1215 3114 1324 3176 possu-

352 3223 441 3278 mus,
452 3205 598 3272 omnium
613 3202 787 3263 voluntates
800 3218 984 3280 recuperare
996 3209 1027 3285 et
1037 3200 1185 3261 diuturna
1197 3203 1324 3262 victoria

348 3313 415 3382 uti3
439 3309 590 3388 quoniam
609 3308 722 3387 reliqui
747 3306 932 3365 erudelitate
963 3306 1072 3365 odium
1099 3291 1236 3384 effugere
1259 3326 1323 3365 non

349 3423 543 3494 potuerunt,
578 3431 681 3493 neque
709 3413 870 3473 victoriam
904 3413 1021 3471 diutius
1055 3422 1161 3472 tenere
1174 3455 1184 3488 ,
1212 3422 1322 3493 praeter

352 3537 457 3578 unum
478 3520 511 3578 L.
539 3518 680 3591 Sullam,
710 3535 806 3596 quem
830 3521 1007 3578 imitaturus
1033 3539 1095 3579 non
1133 3509 1214 3582 sum.
1248 3521 1325 3580 Haeo

350 3623 481 3702 novalsit
498 3625 577 3684 ratio
585 3623 747 3698 vincendi,
759 3633 794 3683 ut
804 3627 1017 3686 misericordia
1033 3635 1064 3710 et
1074 3625 1258 3688 liberalitate
1268 3643 1325 3686 nos

351 3731 542 3790 muniamus.
558 3731 594 3788 Id
604 3733 873 3810 quemadmodum
889 3735 954 3793 lieri
971 3735 1082 3814 possit,
1100 3736 1188 3794 nulla
1200 3734 1278 3796 mihi
1291 3736 1324 3792 in

277 3887 282 3896 ,
350 3845 491 3894 mentem
503 3838 652 3909 veniunt,
664 3847 696 3896 et
707 3841 806 3908 multa
818 3843 944 3918 reperiri
953 3850 1093 3920 possunt.
1117 3844 1160 3900 De
1173 3841 1219 3900 bis
1231 3838 1324 3898 rebus

351 3961 403 4000 vos
430 3959 502 4018 rogo
540 3952 574 4000 ut
602 3945 821 4020 cogitationem
858 3947 1040 4023 suscipiatis.
1072 3948 1130 4006 Cn.
1164 3945 1322 4021 Magium,
