3062 5230
803 507 840 518 -
866 461 905 536 50
928 506 969 516 -

383 595 620 684 impugnaret,
650 601 712 683 ipsi
751 581 979 666 adversarius
998 605 1082 664 erat.
1116 601 1223 683 Hujus
1245 582 1354 666 saluti

382 706 486 769 etiam
500 703 604 786 quam
619 706 706 769 bene
721 706 919 786 provideret
935 723 1045 787 quum
1059 723 1096 769 se
1112 705 1199 769 adeo
1222 705 1355 770 acriter

382 815 500 879 Cesar-i
536 823 746 898 opponeret,
777 815 865 879 facta
900 812 1076 878 uberrime
1109 812 1350 877 ostenderunt.

381 914 594 1002 Perpetuum‘
617 921 821 986 dictatorem
845 937 885 984 ac
904 936 993 1000 pene
1010 933 1146 1000 regem,
1170 919 1290 1004 patria,
1308 918 1355 982 li-

379 1017 522 1092 bertatis
547 1039 741 1094 eversorem
768 1031 862 1092 certe
891 1023 1000 1118 miror
1024 1024 1163 1090 deserta
1188 1040 1229 1086 ac
1259 1039 1353 1103 pene

380 1133 525 1214 proditae
540 1133 734 1215 reipublice
755 1134 888 1198 crimen
911 1130 1097 1197 fortissimo
1121 1129 1169 1194 illi
1194 1149 1234 1194 ac
1260 1147 1351 1211 pene

378 1236 503 1304 ultimo
526 1239 693 1304 libertatis
718 1237 819 1302 militi
844 1235 1026 1318 objecisse,
1046 1235 1107 1316 qui
1127 1234 1224 1300 victae
1240 1242 1275 1299 et
1289 1246 1350 1300 e'x-

380 1341 495 1413 !ltlulae
506 1361 550 1408 ue
559 1343 740 1427 superesse
752 1343 895 1425 quidem
909 1341 1071 1425 potuerit.

420 1454 602 1535 ueteres,
620 1452 771 1535 expulsis
785 1452 905 1534 Gallis,
921 1470 941 1516 a
955 1451 1097 1517 Camillo
1113 1450 1296 1518 conditum
1313 1451 1350 1518 in

379 1557 547 1638 Capitolio
567 1559 727 1624 aerarinm
740 1575 849 1638 quum
864 1558 998 1636 luisset,
1013 1556 1181 1640 religione
1196 1557 1350 1638 quadam

380 1667 578 1751 inexpiabili
602 1669 774 1734 sancitum
793 1675 868 1732 erat
891 1686 936 1732 ne
953 1665 1030 1748 quis
1043 1666 1187 1749 privatis
1203 1666 1247 1730 de
1265 1685 1349 1732 cau·

377 1775 445 1853 sis,
466 1784 526 1839 aut
537 1776 580 1838 ad
595 1776 758 1846 minimas
767 1775 870 1838 etiarn
882 1773 1077 1855 reipublice²
1091 1771 1257 1836 utilitates
1269 1772 1348 1836 inde

377 1885 563 1964 pecuniam
590 1886 805 1949 abstraheret
829 1884 889 1966 (1).
918 1884 1107 1965 Quacum
1137 1879 1185 1945 ita
1215 1888 1349 1962 essent,

376 2005 476 2053 sacro
486 1990 531 2072 ab
545 1990 665 2056 aerario
679 1989 803 2055 Marius
815 1997 850 2053 et
873 1989 961 2071 Sylla
975 1989 1013 2052 in
1040 1988 1154 2052 'medio
1177 1989 1351 2054 bellorum

378 2094 534 2160 civilium
547 2105 646 2176 aestu,
670 2097 712 2159 ab
737 2115 779 2160 eo
798 2096 958 2161 eonsules
987 2113 1097 2174 quum
1119 2095 1272 2176 aPyrrbi
1289 2097 1353 2160 mi-

376 2199 495 2264 litibus
519 2202 613 2265 ltalia
633 2207 876 2283 premeretur,
900 2209 979 2282 post
1005 2201 1217 2266 Cannensem
1246 2201 1349 2265 eliam

376 2320 554 2388 pugnam,
576 2305 825 2371 abstinuerant.
853 2307 998 2370 ineunte
1018 2307 1108 2371 bello
1122 2306 1224 2384 cirili,
1240 2305 1348 2370 Caesar

375 2411 519 2480 Romam
533 2411 722 2494 ingressus,
737 2411 929 2476 adsacrum
942 2412 1098 2477 ararium
1123 2411 1230 2476 tendit
1248 2415 1349 2493 cujus

375 2516 489 2581 claves
504 2516 662 2581 consules
677 2516 899 2582 abstulerant.
917 2518 1080 2582 lnvadere
1091 2516 1238 2598 paranti,
1251 2516 1353 2582 Caeci-

375 2623 442 2686 lius
453 2623 620 2712 Metellus,
635 2624 796 2688 tribunus
812 2623 939 2706 plebis,
955 2624 1047 2706 leges
1062 2622 1217 2704 primum
1233 2628 1269 2686 et
1284 2623 1351 2688 loci

374 2727 578 2808 religionem
599 2729 729 2808 objicit.
751 2729 896 2811 beluus,
913 2727 1226 2794 sellalribunititia
1242 2735 1351 2810 o'ppo·

374 2831 453 2913 sita,
469 2850 514 2895 ne
532 2831 621 2897 sores
643 2835 870 2918 effringantur
879 2835 1022 2902 adverso
1034 2846 1182 2918 corpore
1202 2835 1346 2901 obsistit.

375 2937 438 3002 Cui
457 2937 578 3021 Caesar,
595 2956 739 3006 manum
756 2959 845 3022 pene
858 2939 1031 3023 injiciens,
1049 2948 1199 3006 mortem
1214 2937 1347 3006 itn'mi-

375 3054 557 3131 natusest,
572 3054 614 3112 ut
623 3046 764 3112 territus
774 3046 935 3111 tribunus
946 3046 1024 3113 loco
1036 3048 1225 3112 excederet.
1239 3049 1346 3130 lum,

375 3153 525 3222 effractis
539 3154 685 3235 loribus,
702 3154 807 3220 Cesar
836 3153 1017 3219 thesauros
1030 3151 1173 3219 abstulit
1194 3152 1254 3234 qui
1279 3160 1349 3217 tre-

375 3263 483 3326 centis
496 3268 531 3324 et
544 3260 694 3343 amplius
707 3262 833 3326 abhinc
847 3261 965 3342 annis,
990 3262 1032 3325 ad
1055 3262 1205 3328 maxima
1227 3263 1347 3344 reipu-

375 3366 468 3431 blicae
482 3366 636 3448 pericula
650 3368 885 3432 servabantur.
901 3367 1001 3448 Quod
1015 3376 1110 3434 certo
1128 3368 1256 3432 certius
1279 3377 1346 3432 tes-

374 3481 495 3540 tantur
524 3495 543 3540 e
567 3475 680 3539 latinis
708 3493 715 3534 :
745 3475 865 3540 Cicero
887 3476 957 3560 (⁶2),
995 3477 1153 3542 Lucanus
1178 3474 1243 3560 (3),
1270 3477 1346 3542 Flo·

418 3711 464 3792 (s)
481 3715 557 3792 npp.
574 3715 636 3771 ra.
657 3715 729 3786 aa,
755 3715 807 3788 11,
824 3735 855 3794 p.
869 3717 942 3778 tra.
959 3693 1000 3760 ὲ-
1012 3718 1092 3777 erut.
1110 3718 1139 3774 a
1153 3715 1222 3778 cas.
1240 3715 1286 3776 as.
1303 3749 1345 3760 -

377 3818 969 3894 r10r.IV‚2.-biocass.Lx1‚rl.
1218 3808 1220 3816 ’

417 3923 464 4004 (t)
481 3925 604 3983 Arra
624 3925 697 3998 vu,
714 3947 752 4001 a.
770 3927 825 3999 re,
848 3927 895 3986 15.

416 4027 464 4109 (2)
479 4028 575 4088 Phara.
594 4031 657 4101 ΙΙΙ,
677 4031 744 4088 115.
