3062 5230
368 1351 489 1403 pravare
505 1349 591 1389 riusa
611 1350 703 1389 cusia
718 1333 949 1389 arrrnutvsrur?

197 1792 758 1876 Commentariorumprincipie,
799 1794 948 1860 vividam
987 1797 1138 1864 ineuntis

154 1893 237 1963 beiti
265 1901 378 1966 civilis
410 1899 680 1981 descriptionem
707 1900 876 1983 invenias,
904 1921 974 1982 qua
1008 1904 1135 1987 Cesar,

152 2003 243 2068 mira
253 2005 412 2070 adhibita
429 2004 634 2080 calliditate,
654 2005 878 2073 inimicorum
891 2007 928 2071 in
941 2027 977 2074 se
992 2009 1134 2091 injurias

154 2117 189 2174 et
204 2111 437 2176 acerbitatem
452 2130 673 2196 exaggerare,
686 2113 840 2196 seipsum
851 2132 934 2181 vero
949 2122 1046 2180 extra
1059 2134 1136 2180 em-

154 2234 238 2281 nem
253 2220 401 2300 culpam
414 2236 545 2300 ponere
556 2228 701 2286 conatus
715 2227 775 2286 est.
795 2220 853 2304 tt,
866 2240 910 2286 ne
932 2222 1138 2306 disceptanti

157 2325 271 2389 oratio
291 2324 407 2388 omnis
423 2325 495 2390 sola
510 2325 648 2392 Catonis
674 2328 882 2394 auctoritate
896 2331 1135 2414 frangeretur,

158 2429 220 2508 qui
247 2430 416 2511 Pompeio
447 2431 713 2513 permittendam
751 2435 1023 2513 rempublicam,
1059 2445 1136 2498 tum

159 2535 338 2617 primum,
363 2537 462 2617 quasi
485 2538 521 2600 in
539 2536 720 2618 extremis,
735 2544 917 2601 censuerat
931 2538 997 2621 (1);
1020 2538 1136 2604 virum

159 2642 313 2707 ostendit
325 2641 499 2707 veteribus
520 2640 709 2705 inimicitiis
728 2640 930 2724 incitatum,
946 2649 982 2707 et
996 2643 1137 2725 privatis

160 2751 272 2836 magis
299 2752 519 2834 cupidatibus
541 2767 649 2832 quam
678 2750 798 2834 patriae
821 2750 934 2816 amori
950 2749 1137 2816 inservien-

162 2867 234 2922 tem
262 2858 321 2941 (2).
344 2858 479 2939 Quibus
502 2856 620 2922 nescio
647 2875 752 2938 quem
779 2855 893 2938 decipi
909 2873 1010 2938 posse
1028 2856 1137 2923 Cesar

164 2965 364 3045 speraverit.
394 2963 560 3028 Catonem
582 2963 678 3030 enim
699 2970 837 3026 constat
856 2963 917 3044 (3),
933 2963 1081 3042 nullius,
1097 2971 1138 3027 ut

166 3066 210 3129 ita
237 3069 371 3146 dicam,
402 3066 509 3148 partis
525 3085 607 3133 cum
631 3073 736 3145 esset,
757 3072 792 3128 et
807 3066 1012 3144 Pompeium
1028 3067 1137 3131 Caesa·

166 3175 309 3254 'remque
320 3172 517 3254 reipublicae
528 3157 783 3255 propemodum
793 3172 886 3251 juxta
896 3169 1137 3236 formidolosos

168 3301 249 3346 eum
270 3283 429 3363 baberet,
450 3300 564 3363 neque
584 3283 678 3345 hunc
701 3297 816 3360 neque
837 3278 937 3344 ilium
951 3281 1011 3344 sed
1026 3280 1134 3344 solam

168 3387 362 3470 reipublicae
396 3388 582 3452 utilitatem
628 3381 692 3450 sibi
728 3405 866 3468 semper
903 3387 1132 3468 proposuisse.

168 3495 278 3578 Quam
305 3495 365 3577 qui
389 3513 567 3578 capessere
589 3494 787 3577 videretur,
816 3494 879 3558 sibi
904 3494 1054 3575 amicus3
1073 3494 1134 3574 qui

211 3814 256 3894 (¹1)
276 3817 355 3874 Plut.
373 3818 401 3872 in
415 3816 512 3890 Povrrp.
530 3817 577 3874 78.
603 3850 642 3860 —-
657 3815 690 3874 In
706 3813 804 3873 Cutem.
822 3835 901 3894 pass,

210 3919 256 4000 (2)
272 3922 315 3980 De
329 3923 380 3979 bei.
400 3923 462 3996 cin,
481 3925 513 3995 1,
531 3924 558 3980 ir.

212 4027 256 4108 (3)
274 4032 353 4089 Plut.
371 4031 399 4088 in
414 4031 512 4088 Coton.
528 4061 567 4072 -
579 4027 613 4086 In
626 4028 723 4103 Pomp.
741 4046 819 4106 pass.
