3062 5230
548 515 709 576 „23-

152 643 188 706 in
204 641 280 708 iuoe
293 635 474 714 ostendere
488 654 559 707 u'ou
574 642 792 707 dubitaverit.
811 645 868 707 iiic
879 643 972 708 enirn
982 640 1065 723 quid
1081 639 1132 702 iu·

150 750 268 814 animo
283 749 434 817 habebat
448 748 516 831 (l),
532 747 597 810 uisi
615 754 657 811 ut
672 747 833 826 mobiles,
847 748 957 813 iiuxos
981 754 1013 813 ct
1026 764 1115 829 pene

151 857 303 937 pueriles
316 855 493 920 Gallorum
507 854 643 918 animos
665 853 767 918 certis
791 853 1118 937 iegibusadstringe·

150 963 225 1044 ret,
242 962 286 1026 ad
314 963 440 1044 magua
459 961 576 1026 omnia
591 961 810 1041 informaret,
832 958 925 1040 ipsos
939 959 1118 1024 discordiis

150 1060 339 1131 discordias
348 1111 357 1148 ,
366 1066 531 1131 factiones
546 1064 753 1130 factionibus
759 1063 1004 1130 continuantes
1012 1083 1118 1128 unam

151 1176 360 1256 ingentem,
374 1175 593 1254 unanimem,
610 1177 750 1256 jamque
770 1172 934 1238 invictam
950 1173 1121 1256 redigeret

152 1297 259 1361 quam
281 1281 430 1344 Romano
446 1285 662 1361 opponeret?
684 1279 800 1345 Soiam
830 1279 935 1344 ctiam
956 1279 1037 1343 beiii
1065 1297 1122 1362 ge-

153 1392 252 1456 rendi
267 1392 434 1457 rationem
447 1399 564 1456 tantus
582 1391 638 1456 iiie
653 1391 708 1457 vir
720 1391 918 1470 invenerat,
935 1389 1069 1454 scilicet
1080 1394 1121 1450 ut

156 1499 324 1562 itomauos
354 1497 579 1580 pabulatione
609 1505 644 1562 et
679 1504 902 1577 commeatu,
935 1494 1122 1560 valentiore

151 1601 323 1682 equitatu,
341 1601 564 1684 prohiberet,
583 1604 699 1668 omnia
715 1605 888 1682 dirueret,
903 1599 1119 1665 incenderet.

148 1707 251 1788 Quod
267 1706 332 1771 uisi
345 1709 585 1774 tumultuariis
599 1717 634 1773 ct
651 1709 824 1773 subitariis
843 1699 1014 1772 ‘militibus
1037 1725 1121 1771 usus

149 1822 258 1896 esset,
272 1833 356 1908 ⁴uon
384 1819 492 1882 modo
509 1818 584 1901 ipso
606 1836 688 1882 cum
703 1817 827 1882 Caesare
849 1815 1003 1898 tamdiu,
1025 1835 1121 1898 aequo

149 1923 271 2004 Marte,
317 1923 553 2005 decertassct3
599 1940 670 1988 non
706 1925 811 1989 modo
835 1921 948 1987 Gaiios
976 1939 1120 2004 omncs,

150 2027 279 2093 AEduos
298 2028 402 2092 etiam
417 2035 548 2094 veteres
565 2030 641 2095 iilos
662 2029 898 2095 Romanorum
914 2026 1052 2107 fratres,
1079 2025 1121 2087 ab

154 2151 196 2197 eo
221 2133 425 2198 detraxisset
453 2133 518 2217 (ἧς
546 2134 716 2217 Gergoviae
733 2133 974 2215 obsidionem,
995 2148 1123 2214 magno

150 2244 296 2319 accepto
313 2237 552 2319 detrimento,
564 2240 697 2306 soivere
710 2235 878 2322 coegisset
893 2237 956 2319 (323
972 2235 1061 2299 duos
1073 2232 1123 2298 in

151 2331 201 2406 ter
220 2342 394 2408 exercitus
418 2344 597 2410 obsessum
621 2342 664 2409 ad
690 2343 838 2409 Alesiam
866 2341 1034 2407 tenuisset
1049 2339 1120 2422 (4),

154 2450 214 2514 sed
229 2449 316 2514 iiber
331 2451 418 2514 sorte
433 2450 539 2514 libera
553 2452 588 2514 in
611 2451 723 2532 patria
744 2457 905 2513 mortuus
920 2453 1019 2510 esset.
1042 2445 1124 2523 Quae

150 2562 270 2620 tamen
282 2554 400 2623 omnia
412 2555 539 2622 Caesare
562 2575 603 2620 cx
617 2556 693 2634 ipso
709 2554 870 2619 norimus
892 2558 954 2614 aut
967 2547 1123 2631 suspica·

151 2675 243 2726 mur.

193 2982 241 3063 (i)
265 2983 376 3042 iliram
392 2985 483 3042 adeas
502 2985 757 3062 Vercingetorigis
772 2983 956 3039 orationem.
983 2979 1047 3059 (De
1069 2980 1119 3038 dei.

153 3087 221 3148 Gai.
237 3088 308 3161 Vll,
324 3088 362 3147 20
374 3088 398 3168 )

193 3191 240 3273 (2)
263 3193 306 3252 De
320 3193 371 3251 del.
394 3193 459 3251 Gai.
473 3195 551 3265 vlt,
568 3195 635 3264 dd„
703 3197 706 3204 ’

194 3297 240 3378 (d)
263 3295 352 3372 itit,
372 3297 458 3370 idid,
477 3297 524 3355 52.

194 3404 241 3485 (lt)
265 3405 328 3465 ibid
336 3449 347 3476 ,
359 3405 424 3463 ibid.
443 3404 550 3463 72-7t.
563 3436 603 3446 -
619 3400 700 3477 Coos.
716 3401 893 3478 Napolt'eon,
907 3397 1019 3470 Prdcis,
1036 3406 1118 3484 cic„

50 3515 61 3544 '
149 3532 181 3588 p.
201 3511 268 3569 102ss
